<?xml version='1.0' encoding='UTF-8'?>
<collection xmlns='http://www.loc.gov/MARC21/slim' xmlns:xsi='http://www.w3.org/2001/XMLSchema-instance' xsi:schemaLocation='http://www.loc.gov/MARC21/slim http://www.loc.gov/standards/marcxml/schema/MARC21slim.xsd'>
<record xmlns='http://www.loc.gov/MARC21/slim'><leader>01298pam a22004094a 4500</leader><controlfield tag='005'>20180315122658.0</controlfield><controlfield tag='008'>070129s2007    enk      b    001 0 eng  </controlfield><controlfield tag='001'>991024847639703811</controlfield><datafield ind1=' ' ind2=' ' tag='010'><subfield code='a'>2007003067</subfield></datafield><datafield ind1=' ' ind2=' ' tag='020'><subfield code='a'>9780198237907 (alk. paper)</subfield></datafield><datafield ind1=' ' ind2=' ' tag='020'><subfield code='a'>0198237901 (alk. paper)</subfield></datafield><datafield ind1=' ' ind2=' ' tag='035'><subfield code='a'>(PPT)b32867773-01tuli_inst</subfield></datafield><datafield ind1=' ' ind2=' ' tag='035'><subfield code='a'>(OCoLC)ocn492175391</subfield><subfield code='9'>ExL</subfield></datafield><datafield ind1=' ' ind2=' ' tag='035'><subfield code='a'>DLCOCM82470615</subfield></datafield><datafield ind1=' ' ind2=' ' tag='035'><subfield code='a'>ocm82470615</subfield></datafield><datafield ind1=' ' ind2=' ' tag='035'><subfield code='a'>(OCLC)ocm82470615</subfield></datafield><datafield ind1=' ' ind2=' ' tag='040'><subfield code='a'>DLC</subfield><subfield code='c'>DLC</subfield><subfield code='d'>BTCTA</subfield><subfield code='d'>BWKUK</subfield></datafield><datafield ind1=' ' ind2=' ' tag='079'><subfield code='a'>ocm82470615</subfield></datafield><datafield ind1=' ' ind2=' ' tag='090'><subfield code='a'>BD176</subfield><subfield code='b'>.F75 2007</subfield></datafield><datafield ind1='1' ind2=' ' tag='100'><subfield code='a'>Fricker, Miranda.</subfield></datafield><datafield ind1='1' ind2='0' tag='245'><subfield code='a'>Epistemic injustice :</subfield><subfield code='b'>power and the ethics of knowing /</subfield><subfield code='c'>Miranda Fricker.</subfield></datafield><datafield ind1=' ' ind2=' ' tag='260'><subfield code='a'>Oxford ;</subfield><subfield code='a'>New York :</subfield><subfield code='b'>Oxford University Press,</subfield><subfield code='c'>2007.</subfield></datafield><datafield ind1=' ' ind2=' ' tag='300'><subfield code='a'>x, 188 p. ;</subfield><subfield code='c'>23 cm.</subfield></datafield><datafield ind1=' ' ind2=' ' tag='504'><subfield code='a'>Includes bibliographical references (p. [178]-184) and index.</subfield></datafield><datafield ind1=' ' ind2='0' tag='650'><subfield code='a'>Knowledge, Theory of.</subfield></datafield><datafield ind1=' ' ind2='0' tag='650'><subfield code='a'>Ethics.</subfield></datafield><datafield ind1=' ' ind2='0' tag='650'><subfield code='a'>Justice (Philosophy)</subfield></datafield><datafield ind1=' ' ind2='0' tag='650'><subfield code='a'>Fairness.</subfield></datafield><datafield ind1='4' ind2='1' tag='856'><subfield code='z'>Access table of contents.</subfield><subfield code='u'>http://www.loc.gov/catdir/toc/ecip0710/2007003067.html</subfield></datafield><datafield ind1=' ' ind2=' ' tag='901'><subfield code='a'>BNA</subfield></datafield><datafield ind1=' ' ind2=' ' tag='901'><subfield code='a'>R2658950</subfield></datafield><datafield ind1=' ' ind2=' ' tag='902'><subfield code='a'>070822AB0701</subfield></datafield><datafield ind1=' ' ind2=' ' tag='907'><subfield code='a'>.b32867773</subfield><subfield code='b'>p    </subfield><subfield code='c'>-</subfield></datafield><datafield ind1=' ' ind2=' ' tag='945'><subfield code='l'>pstk </subfield><subfield code='g'>1</subfield></datafield><datafield ind1=' ' ind2=' ' tag='979'><subfield code='a'>ocm82470615</subfield></datafield><datafield ind1=' ' ind2=' ' tag='998'><subfield code='b'>0</subfield><subfield code='c'>071101</subfield><subfield code='d'>m</subfield><subfield code='e'>a</subfield><subfield code='f'>-</subfield><subfield code='g'>0</subfield></datafield><datafield ind1=' ' ind2=' ' tag='998'><subfield code='b'>0</subfield><subfield code='c'>071101</subfield><subfield code='d'>m</subfield><subfield code='e'>a</subfield><subfield code='f'>-</subfield><subfield code='g'>0</subfield></datafield><datafield ind1=' ' ind2=' ' tag='ADM'><subfield code='b'>2018-03-15 16:26:58</subfield><subfield code='e'>b32867773-01tuli_inst</subfield><subfield code='d'>ILS</subfield><subfield code='a'>2017-06-20 07:36:03</subfield><subfield code='c'>false</subfield></datafield><datafield ind1='0' ind2=' ' tag='HLD'><subfield code='b'>MAIN</subfield><subfield code='c'>stacks</subfield><subfield code='h'>BD176</subfield><subfield code='i'>.F75 2007</subfield><subfield code='8'>22269268810003811</subfield></datafield><datafield ind1=' ' ind2=' ' tag='ITM'><subfield code='r'>22269268810003811</subfield><subfield code='b'>0</subfield><subfield code='u'>LOAN</subfield><subfield code='h'>0</subfield><subfield code='g'>stacks</subfield><subfield code='t'>BOOK</subfield><subfield code='9'>39074023437171</subfield><subfield code='e'>stacks</subfield><subfield code='8'>23269268800003811</subfield><subfield code='a'>0</subfield><subfield code='q'>2017-06-20 07:36:03</subfield><subfield code='i'>BD176 .F75 2007</subfield><subfield code='d'>MAIN</subfield><subfield code='f'>MAIN</subfield></datafield></record>