
<record xmlns='http://www.loc.gov/MARC21/slim'><leader>01058nam  22003014a 4500</leader><controlfield tag='001'>991036802546303811</controlfield><controlfield tag='005'>20170810174525.0</controlfield><controlfield tag='006'>m     o  d |      </controlfield><controlfield tag='007'>cr -n---------</controlfield><controlfield tag='008'>070129s2007    enk     ob    001 0 eng  </controlfield><datafield ind1=' ' ind2=' ' tag='010'><subfield code='z'>  2007003067</subfield></datafield><datafield ind1=' ' ind2=' ' tag='020'><subfield code='a'>1-281-14719-2</subfield></datafield><datafield ind1=' ' ind2=' ' tag='020'><subfield code='a'>9786611147198</subfield></datafield><datafield ind1=' ' ind2=' ' tag='020'><subfield code='a'>0-19-151930-8</subfield></datafield><datafield ind1=' ' ind2=' ' tag='020'><subfield code='a'>1-4356-2061-5</subfield></datafield><datafield ind1=' ' ind2=' ' tag='035'><subfield code='a'>(CKB)1000000000375444</subfield></datafield><datafield ind1=' ' ind2=' ' tag='035'><subfield code='a'>(EBL)694009</subfield></datafield><datafield ind1=' ' ind2=' ' tag='035'><subfield code='a'>(OCoLC)183915514</subfield></datafield><datafield ind1=' ' ind2=' ' tag='035'><subfield code='a'>(SSID)ssj0000086633</subfield></datafield><datafield ind1=' ' ind2=' ' tag='035'><subfield code='a'>(PQKBManifestationID)11122077</subfield></datafield><datafield ind1=' ' ind2=' ' tag='035'><subfield code='a'>(PQKBTitleCode)TC0000086633</subfield></datafield><datafield ind1=' ' ind2=' ' tag='035'><subfield code='a'>(PQKBWorkID)10030624</subfield></datafield><datafield ind1=' ' ind2=' ' tag='035'><subfield code='a'>(PQKB)10398729</subfield></datafield><datafield ind1=' ' ind2=' ' tag='035'><subfield code='a'>(StDuBDS)EDZ0000075243</subfield></datafield><datafield ind1=' ' ind2=' ' tag='035'><subfield code='a'>(MiAaPQ)EBC694009</subfield></datafield><datafield ind1=' ' ind2=' ' tag='035'><subfield code='a'>(EXLCZ)991000000000375444</subfield></datafield><datafield ind1=' ' ind2=' ' tag='040'><subfield code='a'>MiAaPQ</subfield><subfield code='c'>MiAaPQ</subfield><subfield code='d'>MiAaPQ</subfield></datafield><datafield ind1=' ' ind2=' ' tag='041'><subfield code='a'>eng</subfield></datafield><datafield ind1=' ' ind2='4' tag='050'><subfield code='a'>BD176</subfield><subfield code='b'>.F75 2007</subfield></datafield><datafield ind1='0' ind2='0' tag='082'><subfield code='a'>172.2</subfield></datafield><datafield ind1='1' ind2=' ' tag='100'><subfield code='a'>Fricker, Miranda.</subfield></datafield><datafield ind1='1' ind2='0' tag='245'><subfield code='a'>Epistemic injustice</subfield><subfield code='h'>[electronic resource] :</subfield><subfield code='b'>power and the ethics of knowing /</subfield><subfield code='c'>Miranda Fricker.</subfield></datafield><datafield ind1=' ' ind2=' ' tag='260'><subfield code='a'>Oxford :</subfield><subfield code='b'>Oxford University Press,</subfield><subfield code='c'>2007.</subfield></datafield><datafield ind1=' ' ind2=' ' tag='300'><subfield code='a'>1 online resource (199 p.)</subfield></datafield><datafield ind1=' ' ind2=' ' tag='336'><subfield code='a'>text</subfield><subfield code='b'>txt</subfield></datafield><datafield ind1=' ' ind2=' ' tag='337'><subfield code='a'>computer</subfield><subfield code='b'>c</subfield></datafield><datafield ind1=' ' ind2=' ' tag='338'><subfield code='a'>online resource</subfield><subfield code='b'>cr</subfield></datafield><datafield ind1=' ' ind2=' ' tag='500'><subfield code='a'>Description based upon print version of record.</subfield></datafield><datafield ind1='0' ind2=' ' tag='505'><subfield code='a'>Contents; Introduction; 1. Testimonial Injustice; 1.1 Power; 1.2 Identity Power; 1.3 The Central Case of Testimonial Injustice; 2. Prejudice in the Credibility Economy; 2.1 Stereotypes and Prejudicial Stereotypes; 2.2 Testimonial Injustice without Prejudice?; 2.3 The Wrong of Testimonial Injustice; 3. Towards a Virtue Epistemological Account of Testimony; 3.1 Sketching the Dialectical Position; 3.2 The Responsible Hearer?; 3.3 Virtuous Perception: Moral and Epistemic; 3.4 Training Sensibility; 4. The Virtue of Testimonial Justice; 4.1 Correcting for Prejudice</subfield></datafield><datafield ind1='8' ind2=' ' tag='505'><subfield code='a'>4.2 History, Blame, and Moral Disappointment5. The Genealogy of Testimonial Justice; 5.1 A Third Fundamental Virtue of Truth; 5.2 A Hybrid Virtue: Intellectual-Ethical; 6. Original Significances: The Wrong Revisited; 6.1 Two Kinds of Silence; 6.2 The Very Idea of a Knower; 7. Hermeneutical Injustice; 7.1 The Central Case of Hermeneutical Injustice; 7.2 Hermeneutical Marginalization; 7.3 The Wrong of Hermeneutical Injustice; 7.4 The Virtue of Hermeneutical Justice; Conclusion; Bibliography; Index; A; B; C; D; E; F; G; H; I; J; K; L; M; N; O; P; R; S; T; V; W; Y; Z</subfield></datafield><datafield ind1=' ' ind2=' ' tag='520'><subfield code='a'>In this exploration of new territory between ethics and epistemology, Miranda Fricker argues that there is a distinctively epistemic type of injustice, in which someone is wronged specifically in their capacity as a knower. Justice is one of the oldest and most central themes in philosophy, but in order to reveal the ethical dimension of our epistemic practices the focus must shift to injustice. Fricker adjusts the philosophical lens so that we see through to the negative space thatis epistemic injustice. The book explores two different types of epistemic injustice, each driven by a form of pr</subfield></datafield><datafield ind1=' ' ind2=' ' tag='546'><subfield code='a'>English</subfield></datafield><datafield ind1=' ' ind2=' ' tag='588'><subfield code='a'>Description based on print version record.</subfield></datafield><datafield ind1=' ' ind2=' ' tag='504'><subfield code='a'>Includes bibliographical references and index.</subfield></datafield><datafield ind1=' ' ind2='0' tag='650'><subfield code='a'>Knowledge, Theory of.</subfield></datafield><datafield ind1=' ' ind2='0' tag='650'><subfield code='a'>Ethics.</subfield></datafield><datafield ind1=' ' ind2='0' tag='650'><subfield code='a'>Justice (Philosophy)</subfield></datafield><datafield ind1=' ' ind2='0' tag='650'><subfield code='a'>Fairness.</subfield></datafield><datafield ind1=' ' ind2='4' tag='655'><subfield code='a'>Electronic books.</subfield></datafield><datafield ind1=' ' ind2=' ' tag='776'><subfield code='z'>0-19-170684-1</subfield></datafield><datafield ind1=' ' ind2=' ' tag='776'><subfield code='z'>0-19-823790-1</subfield></datafield><datafield ind1=' ' ind2=' ' tag='906'><subfield code='a'>BOOK</subfield></datafield><datafield ind1=' ' ind2=' ' tag='PRT'><subfield code='a'>53367158090003811</subfield><subfield code='b'>https://sandbox01-na.alma.exlibrisgroup.com/view/uresolver/01TULI_INST/openurl?u.ignore_date_coverage=true&amp;rft.mms_id=991036802546303811</subfield><subfield code='e'>Oxford Scholarship Online</subfield><subfield code='c'>Oxford Scholarship - Oxford University Press: Philosophy</subfield><subfield code='h'>613720000000002204</subfield><subfield code='8'>53367158090003811</subfield></datafield></record>