
<record xmlns='http://www.loc.gov/MARC21/slim'><leader>03286cam a2200481 i 4500</leader><controlfield tag='005'>20180315125127.0</controlfield><controlfield tag='008'>161011s2017    enk      b    001 0 eng d</controlfield><controlfield tag='001'>991032556509703811</controlfield><datafield ind1=' ' ind2=' ' tag='010'><subfield code='a'>2016043132</subfield></datafield><datafield ind1=' ' ind2=' ' tag='019'><subfield code='a'>960837277</subfield></datafield><datafield ind1=' ' ind2=' ' tag='020'><subfield code='a'>9781138828254</subfield><subfield code='q'>hardback</subfield><subfield code='q'>alkaline paper</subfield></datafield><datafield ind1=' ' ind2=' ' tag='020'><subfield code='a'>1138828254</subfield><subfield code='q'>hardback</subfield><subfield code='q'>alkaline paper</subfield></datafield><datafield ind1=' ' ind2=' ' tag='020'><subfield code='z'>9781315212043</subfield><subfield code='q'>electronic book</subfield></datafield><datafield ind1=' ' ind2=' ' tag='035'><subfield code='a'>(OCoLC)960699524</subfield></datafield><datafield ind1=' ' ind2=' ' tag='040'><subfield code='a'>DLC</subfield><subfield code='b'>eng</subfield><subfield code='e'>rda</subfield><subfield code='c'>DLC</subfield><subfield code='d'>OCLCO</subfield><subfield code='d'>BDX</subfield><subfield code='d'>OCLCF</subfield><subfield code='d'>OCLCQ</subfield><subfield code='d'>CHVBK</subfield><subfield code='d'>OCLCO</subfield><subfield code='d'>YDX</subfield><subfield code='d'>YDX</subfield><subfield code='d'>OCLCO</subfield><subfield code='d'>ERASA</subfield><subfield code='d'>IDU</subfield><subfield code='d'>OCLCO</subfield></datafield><datafield ind1=' ' ind2=' ' tag='042'><subfield code='a'>pcc</subfield></datafield><datafield ind1='0' ind2='0' tag='050'><subfield code='a'>B105.J87</subfield><subfield code='b'>R68 2017</subfield></datafield><datafield ind1='0' ind2='0' tag='082'><subfield code='a'>172/.2</subfield><subfield code='2'>23</subfield></datafield><datafield ind1='0' ind2='4' tag='245'><subfield code='a'>The Routledge handbook of epistemic injustice /</subfield><subfield code='c'>edited by Ian James Kidd, José Medina, and Gaile Pohlhaus, Jr.</subfield></datafield><datafield ind1=' ' ind2='1' tag='264'><subfield code='a'>Abingdon, Oxon ;</subfield><subfield code='a'>New York, NY :</subfield><subfield code='b'>Routledge, an imprint of the Taylor &amp; Francis Group,</subfield><subfield code='c'>2017.</subfield></datafield><datafield ind1=' ' ind2=' ' tag='300'><subfield code='a'>xviii, 419 pages ;</subfield><subfield code='c'>26 cm.</subfield></datafield><datafield ind1=' ' ind2=' ' tag='336'><subfield code='a'>text</subfield><subfield code='b'>txt</subfield><subfield code='2'>rdacontent</subfield></datafield><datafield ind1=' ' ind2=' ' tag='337'><subfield code='a'>unmediated</subfield><subfield code='b'>n</subfield><subfield code='2'>rdamedia</subfield></datafield><datafield ind1=' ' ind2=' ' tag='338'><subfield code='a'>volume</subfield><subfield code='b'>nc</subfield><subfield code='2'>rdacarrier</subfield></datafield><datafield ind1='1' ind2=' ' tag='490'><subfield code='a'>Routledge handbooks in philosophy</subfield></datafield><datafield ind1=' ' ind2=' ' tag='504'><subfield code='a'>Includes bibliographical references and index.</subfield></datafield><datafield ind1='8' ind2=' ' tag='520'><subfield code='a'>Epistemic injustice is one of the most important and ground-breaking subjects to have emerged in philosophy in recent years. By examining the way injustice can occur to individuals when they are undermined or not &apos;heard&apos; on account of their gender, race or age (as in To Kill a Mockingbird), and the injustices that can occur to individuals or groups because a society lacks an entire concept, such as sexual harassment, epistemic injustice draws attention to the fundamental links between knowledge, ethics and power. The Routledge Handbook of Epistemic Injustice is an outstanding reference source to the key topics, problems and debates in this exciting subject and is the first collection of its kind. Comprising over thirty chapters by a team of international contributors the Handbook is divided into five clear parts: Core Concepts; Liberatory Epistemologies and Axes of Oppression; Schools of Thought and Subfields within Epistemology; Socio-political, Ethical, and Psychological Dimensions of Knowing; Case Studies of Epistemic Injustice. As well as fundamental topics such as testimonial and hermeneutic injustice and virtue epistemology, the Handbook includes chapters on important issues such as moral imagination, objectivity and objectification, implicit bias, gender and race. Also included are chapters on areas in applied ethics and philosophy, such as media ethics, education and health care.</subfield></datafield><datafield ind1=' ' ind2='0' tag='650'><subfield code='a'>Justice (Philosophy)</subfield></datafield><datafield ind1=' ' ind2='0' tag='650'><subfield code='a'>Knowledge, Theory of.</subfield></datafield><datafield ind1=' ' ind2='0' tag='650'><subfield code='a'>Ethics.</subfield></datafield><datafield ind1=' ' ind2='0' tag='650'><subfield code='a'>Political science</subfield><subfield code='x'>Philosophy.</subfield></datafield><datafield ind1=' ' ind2='7' tag='650'><subfield code='a'>Ethics.</subfield><subfield code='2'>fast</subfield><subfield code='0'>(OCoLC)fst00915833</subfield></datafield><datafield ind1=' ' ind2='7' tag='650'><subfield code='a'>Justice (Philosophy)</subfield><subfield code='2'>fast</subfield><subfield code='0'>(OCoLC)fst00985140</subfield></datafield><datafield ind1=' ' ind2='7' tag='650'><subfield code='a'>Knowledge, Theory of.</subfield><subfield code='2'>fast</subfield><subfield code='0'>(OCoLC)fst00988194</subfield></datafield><datafield ind1=' ' ind2='7' tag='650'><subfield code='a'>Political science</subfield><subfield code='x'>Philosophy.</subfield><subfield code='2'>fast</subfield><subfield code='0'>(OCoLC)fst01069819</subfield></datafield><datafield ind1='1' ind2=' ' tag='700'><subfield code='a'>Kidd, Ian James,</subfield><subfield code='d'>1983-</subfield><subfield code='e'>editor.</subfield></datafield><datafield ind1='1' ind2=' ' tag='700'><subfield code='a'>Medina, José,</subfield><subfield code='e'>editor.</subfield></datafield><datafield ind1='1' ind2=' ' tag='700'><subfield code='a'>Pohlhaus, Gaile M.</subfield><subfield code='q'>(Gaile Margaret),</subfield><subfield code='e'>editor.</subfield></datafield><datafield ind1=' ' ind2='0' tag='830'><subfield code='a'>Routledge handbooks in philosophy.</subfield></datafield><datafield ind1=' ' ind2=' ' tag='907'><subfield code='a'>.b64675610</subfield><subfield code='b'>p</subfield><subfield code='c'>-</subfield></datafield><datafield ind1=' ' ind2=' ' tag='979'><subfield code='a'>(OCoLC)960699524</subfield></datafield><datafield ind1=' ' ind2=' ' tag='997'><subfield code='a'>20170815125838.0</subfield><subfield code='c'>COUTTS SR</subfield><subfield code='e'>MARCIVE</subfield><subfield code='e'>WCAT</subfield><subfield code='d'>TEU</subfield></datafield><datafield ind1=' ' ind2=' ' tag='998'><subfield code='b'>0</subfield><subfield code='d'>m</subfield><subfield code='e'>a</subfield><subfield code='f'>-</subfield><subfield code='g'>4</subfield></datafield><datafield ind1=' ' ind2=' ' tag='ADM'><subfield code='b'>2018-03-15 16:51:27</subfield><subfield code='e'>b64675610-01tuli_inst</subfield><subfield code='d'>OCLC</subfield><subfield code='f'>20171120132402.0</subfield><subfield code='a'>2017-06-20 10:36:11</subfield><subfield code='c'>false</subfield></datafield><datafield ind1='0' ind2=' ' tag='HLD'><subfield code='b'>MAIN</subfield><subfield code='c'>stacks</subfield><subfield code='h'>B105.J87</subfield><subfield code='i'>R68 2017</subfield><subfield code='8'>22397332640003811</subfield></datafield><datafield ind1=' ' ind2=' ' tag='ITM'><subfield code='r'>22397332640003811</subfield><subfield code='b'>0</subfield><subfield code='u'>ILL</subfield><subfield code='h'>0</subfield><subfield code='g'>IN_RS_REQ</subfield><subfield code='t'>BOOK</subfield><subfield code='9'>39074030239842</subfield><subfield code='e'>stacks</subfield><subfield code='l'>0</subfield><subfield code='8'>23397332630003811</subfield><subfield code='j'>0</subfield><subfield code='a'>0</subfield><subfield code='q'>2017-07-18 20:05:10</subfield><subfield code='i'>B105.J87 R68 2017</subfield><subfield code='d'>MAIN</subfield><subfield code='p'>2018-06-13 03:59:00</subfield><subfield code='f'>RES_SHARE</subfield></datafield></record>