
<record xmlns='http://www.loc.gov/MARC21/slim'><leader>01508cam a2200433 a 4500</leader><controlfield tag='005'>20180315125055.0</controlfield><controlfield tag='008'>120521s2013    nyu      b    001 0 eng  </controlfield><controlfield tag='001'>991031831589703811</controlfield><datafield ind1=' ' ind2=' ' tag='010'><subfield code='a'>2012016164</subfield></datafield><datafield ind1=' ' ind2=' ' tag='020'><subfield code='a'>9780199929023 (hbk. : alk. paper)</subfield></datafield><datafield ind1=' ' ind2=' ' tag='020'><subfield code='a'>0199929025 (hbk. : alk. paper)</subfield></datafield><datafield ind1=' ' ind2=' ' tag='020'><subfield code='a'>9780199929047 (pbk. : alk. paper)</subfield></datafield><datafield ind1=' ' ind2=' ' tag='020'><subfield code='a'>0199929041 (pbk. : alk. paper)</subfield></datafield><datafield ind1=' ' ind2=' ' tag='035'><subfield code='a'>(PPT)b53532491-01tuli_inst</subfield></datafield><datafield ind1=' ' ind2=' ' tag='035'><subfield code='a'>(OCoLC)ocn827464523</subfield><subfield code='9'>ExL</subfield></datafield><datafield ind1=' ' ind2=' ' tag='035'><subfield code='a'>(OCoLC)794040194</subfield></datafield><datafield ind1=' ' ind2=' ' tag='035'><subfield code='a'>ocn794040194</subfield></datafield><datafield ind1=' ' ind2=' ' tag='035'><subfield code='a'>(OCLC)ocn794040194</subfield></datafield><datafield ind1=' ' ind2=' ' tag='040'><subfield code='a'>DLC</subfield><subfield code='b'>eng</subfield><subfield code='c'>DLC</subfield><subfield code='d'>BTCTA</subfield><subfield code='d'>UKMGB</subfield><subfield code='d'>OCLCO</subfield><subfield code='d'>YDXCP</subfield><subfield code='d'>CDX</subfield><subfield code='d'>BWX</subfield><subfield code='d'>CaONFJC</subfield></datafield><datafield ind1=' ' ind2=' ' tag='042'><subfield code='a'>pcc</subfield></datafield><datafield ind1=' ' ind2=' ' tag='079'><subfield code='a'>ocn794040194</subfield></datafield><datafield ind1=' ' ind2=' ' tag='090'><subfield code='a'>B105.R47</subfield><subfield code='b'>M43 2013</subfield></datafield><datafield ind1='1' ind2=' ' tag='100'><subfield code='a'>Medina, José,</subfield><subfield code='d'>1968-</subfield></datafield><datafield ind1='1' ind2='4' tag='245'><subfield code='a'>The epistemology of resistance :</subfield><subfield code='b'>gender and racial oppression, epistemic injustice, and resistant imaginations /</subfield><subfield code='c'>José Medina.</subfield></datafield><datafield ind1=' ' ind2=' ' tag='260'><subfield code='a'>New York :</subfield><subfield code='b'>Oxford University Press,</subfield><subfield code='c'>c2013.</subfield></datafield><datafield ind1=' ' ind2=' ' tag='300'><subfield code='a'>xiii, 332 p. ;</subfield><subfield code='c'>24 cm.</subfield></datafield><datafield ind1='1' ind2=' ' tag='490'><subfield code='a'>Studies in feminist philosophy</subfield></datafield><datafield ind1=' ' ind2=' ' tag='504'><subfield code='a'>Includes bibliographical references (p. [317]-325) and index.</subfield></datafield><datafield ind1=' ' ind2='0' tag='650'><subfield code='a'>Resistance (Philosophy)</subfield></datafield><datafield ind1=' ' ind2='0' tag='650'><subfield code='a'>Knowledge, Sociology of.</subfield></datafield><datafield ind1=' ' ind2='0' tag='650'><subfield code='a'>Social epistemology.</subfield></datafield><datafield ind1=' ' ind2='0' tag='650'><subfield code='a'>Epistemics.</subfield></datafield><datafield ind1=' ' ind2='0' tag='650'><subfield code='a'>Oppression (Psychology)</subfield></datafield><datafield ind1=' ' ind2='0' tag='830'><subfield code='a'>Studies in feminist philosophy.</subfield></datafield><datafield ind1=' ' ind2=' ' tag='907'><subfield code='a'>.b53532491</subfield><subfield code='b'>p    </subfield><subfield code='c'>-</subfield></datafield><datafield ind1=' ' ind2=' ' tag='945'><subfield code='l'>pstk </subfield><subfield code='g'>1</subfield></datafield><datafield ind1=' ' ind2=' ' tag='979'><subfield code='a'>ocn794040194</subfield></datafield><datafield ind1=' ' ind2=' ' tag='998'><subfield code='b'>1</subfield><subfield code='c'>130116</subfield><subfield code='d'>m</subfield><subfield code='e'>a</subfield><subfield code='f'>-</subfield><subfield code='g'>4</subfield></datafield><datafield ind1=' ' ind2=' ' tag='998'><subfield code='b'>1</subfield><subfield code='c'>130116</subfield><subfield code='d'>m</subfield><subfield code='e'>a</subfield><subfield code='f'>-</subfield><subfield code='g'>4</subfield></datafield><datafield ind1=' ' ind2=' ' tag='ADM'><subfield code='b'>2018-03-15 16:50:55</subfield><subfield code='e'>b53532491-01tuli_inst</subfield><subfield code='d'>ILS</subfield><subfield code='a'>2017-06-20 06:05:26</subfield><subfield code='c'>false</subfield></datafield><datafield ind1='0' ind2=' ' tag='HLD'><subfield code='b'>MAIN</subfield><subfield code='c'>stacks</subfield><subfield code='h'>B105.R47</subfield><subfield code='i'>M43 2013</subfield><subfield code='8'>22241110220003811</subfield></datafield><datafield ind1=' ' ind2=' ' tag='ITM'><subfield code='r'>22241110220003811</subfield><subfield code='b'>1</subfield><subfield code='h'>0</subfield><subfield code='g'>stacks</subfield><subfield code='t'>BOOK</subfield><subfield code='9'>39074026388652</subfield><subfield code='e'>stacks</subfield><subfield code='8'>23241110190003811</subfield><subfield code='a'>0</subfield><subfield code='q'>2017-06-20 06:05:26</subfield><subfield code='i'>B105.R47 M43 2013</subfield><subfield code='d'>MAIN</subfield><subfield code='f'>MAIN</subfield></datafield></record>