
<record xmlns='http://www.loc.gov/MARC21/slim'><leader>01660nam  2200373 i 4500</leader><controlfield tag='001'>991036813237303811</controlfield><controlfield tag='005'>20170821165025.0</controlfield><controlfield tag='006'>m     o  d |      </controlfield><controlfield tag='007'>cr -n---------</controlfield><controlfield tag='008'>160923t20132013onc     o     001 0 eng d</controlfield><datafield ind1=' ' ind2=' ' tag='016'><subfield code='z'>20129071552 (print)</subfield></datafield><datafield ind1=' ' ind2=' ' tag='020'><subfield code='a'>1-4426-9546-3</subfield></datafield><datafield ind1=' ' ind2=' ' tag='035'><subfield code='a'>(CKB)2550000001197283</subfield></datafield><datafield ind1=' ' ind2=' ' tag='035'><subfield code='a'>(EBL)3287044</subfield></datafield><datafield ind1=' ' ind2=' ' tag='035'><subfield code='a'>(SSID)ssj0001151069</subfield></datafield><datafield ind1=' ' ind2=' ' tag='035'><subfield code='a'>(PQKBManifestationID)11703044</subfield></datafield><datafield ind1=' ' ind2=' ' tag='035'><subfield code='a'>(PQKBTitleCode)TC0001151069</subfield></datafield><datafield ind1=' ' ind2=' ' tag='035'><subfield code='a'>(PQKBWorkID)11105955</subfield></datafield><datafield ind1=' ' ind2=' ' tag='035'><subfield code='a'>(PQKB)10883815</subfield></datafield><datafield ind1=' ' ind2=' ' tag='035'><subfield code='a'>(CEL)438850</subfield></datafield><datafield ind1=' ' ind2=' ' tag='035'><subfield code='a'>(OCoLC)852803512</subfield></datafield><datafield ind1=' ' ind2=' ' tag='035'><subfield code='a'>(CaBNVSL)slc00232552</subfield></datafield><datafield ind1=' ' ind2=' ' tag='035'><subfield code='a'>(MiAaPQ)EBC3287044</subfield></datafield><datafield ind1=' ' ind2=' ' tag='035'><subfield code='a'>(MiAaPQ)EBC4672838</subfield></datafield><datafield ind1=' ' ind2=' ' tag='035'><subfield code='a'>(EXLCZ)992550000001197283</subfield></datafield><datafield ind1=' ' ind2=' ' tag='040'><subfield code='a'>MiAaPQ</subfield><subfield code='b'>eng</subfield><subfield code='e'>rda</subfield><subfield code='e'>pn</subfield><subfield code='c'>MiAaPQ</subfield><subfield code='d'>MiAaPQ</subfield></datafield><datafield ind1=' ' ind2=' ' tag='041'><subfield code='a'>eng</subfield></datafield><datafield ind1=' ' ind2=' ' tag='043'><subfield code='a'>n-cn---</subfield></datafield><datafield ind1=' ' ind2='4' tag='050'><subfield code='a'>F1035.A1</subfield><subfield code='b'>.R38 2013</subfield></datafield><datafield ind1=' ' ind2='8' tag='055'><subfield code='a'>FC105 R46</subfield><subfield code='b'>R43 2013eb</subfield></datafield><datafield ind1='0' ind2='0' tag='082'><subfield code='a'>323.171</subfield></datafield><datafield ind1='1' ind2=' ' tag='100'><subfield code='a'>Henderson, Jennifer.</subfield></datafield><datafield ind1='0' ind2='0' tag='245'><subfield code='a'>Reconciling Canada :</subfield><subfield code='b'>critical perspectives on the culture of redress /</subfield><subfield code='c'>edited by Jennifer Henderson and Pauline Wakeham.</subfield></datafield><datafield ind1=' ' ind2='1' tag='264'><subfield code='a'>Toronto, [Ontario] ;</subfield><subfield code='a'>Buffalo, [New York] ;</subfield><subfield code='a'>London, [England] :</subfield><subfield code='b'>University of Toronto Press,</subfield><subfield code='c'>2013.</subfield></datafield><datafield ind1=' ' ind2='4' tag='264'><subfield code='c'>©2013</subfield></datafield><datafield ind1=' ' ind2=' ' tag='300'><subfield code='a'>1 online resource (491 p.)</subfield></datafield><datafield ind1=' ' ind2=' ' tag='336'><subfield code='a'>text</subfield><subfield code='b'>txt</subfield></datafield><datafield ind1=' ' ind2=' ' tag='337'><subfield code='a'>computer</subfield><subfield code='b'>c</subfield></datafield><datafield ind1=' ' ind2=' ' tag='338'><subfield code='a'>online resource</subfield><subfield code='b'>cr</subfield></datafield><datafield ind1=' ' ind2=' ' tag='500'><subfield code='a'>Description based upon print version of record.</subfield></datafield><datafield ind1=' ' ind2=' ' tag='546'><subfield code='a'>English</subfield></datafield><datafield ind1='0' ind2=' ' tag='505'><subfield code='a'>Introduction / Jennifer Henderson and Pauline Wakeham -- I. Settler Culture and the Terrain of Reconciliation. 1 Neoliberal Heritage Redress / Matt James -- 2 The Apologizers&apos; Apology / Eva Mackey -- 3 The Camp, the School, and the Child: Discursive Exchanges and (Neo)liberal Axioms in the Culture of Redress / Jennifer Henderson -- </subfield></datafield><datafield ind1='8' ind2=' ' tag='505'><subfield code='a'>II. Citizenship, Nationhood, Law 4 Redress Revisited: Citizenship and the Chinese Canadian Head Tax / Lily Cho -- 5 On the Idea of Reconciliation in Contemporary Aboriginal Politics / Dale Turner -- 6 Incomprehensible Canada / James (Sa&apos;ke&apos;j) Youngblood Henderson --</subfield></datafield><datafield ind1='8' ind2=' ' tag='505'><subfield code='a'>III. Testimony and Truth Telling. 7 Towards a Hopeful Practice of Worrying: The Problematics of Listening and the Educative Responsibilities of Canada&apos;s Truth and Reconciliation Commission / Roger I. Simon -- 8 Epistemic Heterogeneity: Indigenous Storytelling, Testimonial Practices, and the Question of Violence in Indian Residential Schools / Julia Emberley -- 9 Trauma, Power, and the Therapeutic: Speaking Psychotherapeutic Narratives in an Era of Indigenous Human Rights / Dian Million --</subfield></datafield><datafield ind1='8' ind2=' ' tag='505'><subfield code='a'>IV. Grieving and Grievance, Mourning and Memory. 10 Public Mourning and the Culture of Redress: Mayerthorpe, Air India, and Murdered or Missing Aboriginal Women / Amber Dean -- 11 &quot;The Compulsion to Tell Falls on the Next Generation&quot;: Ukrainian Canadian Literature in English and Victims of the Past / Lindy Ledohowski --</subfield></datafield><datafield ind1='8' ind2=' ' tag='505'><subfield code='a'>V. Performing Redress. 12 Redress Rehearsals: Legal Warrior, COSMOSQUAW, and the National Aboriginal Achievement Awards / Len Findlay -- 13 The Nonperformativity of Reconciliation: The Case of &quot;Reasonable Accommodation&quot; in Quebec / Anna Carastathis --</subfield></datafield><datafield ind1='8' ind2=' ' tag='505'><subfield code='a'>VI. Redress and Transnationalism: Thinking Apology beyond the Nation. 14 Rewiring Critical Affects: Reading &quot;Asian Canadian&quot; in the Transnational Sites of Kerri Sakamoto&apos;s One Hundred Million Hearts / Roy Miki --15 Rendition and Redress: Maher Arar, Apology, Exceptionality / Pauline Wakeham --</subfield></datafield><datafield ind1='8' ind2=' ' tag='505'><subfield code='a'>APPENDICES A. Aboriginal Peoples and Residential Schools -- B. Acadian Deportations -- C. Black Loyalist and Africville Injustices -- D. Chinese Canadian Immigration Restrictions -- E. Indian Passengers on the Komagata Maru -- F. First World War Internments -- G. Second World War Internments -- H. Jewish Refugees on the SS St. Louis -- I. Doukhobor Residential Schools.</subfield></datafield><datafield ind1=' ' ind2=' ' tag='504'><subfield code='a'>Includes bibliographical references and index.</subfield></datafield><datafield ind1=' ' ind2=' ' tag='506'><subfield code='a'>Access restricted to authorized users and institutions.</subfield></datafield><datafield ind1=' ' ind2=' ' tag='530'><subfield code='a'>Also available in print version.</subfield></datafield><datafield ind1=' ' ind2=' ' tag='538'><subfield code='a'>Mode of access: World Wide Web.</subfield></datafield><datafield ind1=' ' ind2=' ' tag='588'><subfield code='a'>Description based on print version record.</subfield></datafield><datafield ind1=' ' ind2='0' tag='651'><subfield code='a'>Canada</subfield><subfield code='x'>Ethnic relations</subfield><subfield code='x'>History.</subfield></datafield><datafield ind1=' ' ind2='0' tag='650'><subfield code='a'>Reconciliation (Law)</subfield><subfield code='z'>Canada.</subfield></datafield><datafield ind1=' ' ind2='0' tag='650'><subfield code='a'>Reparations for historical injustices</subfield><subfield code='z'>Canada.</subfield></datafield><datafield ind1=' ' ind2='4' tag='655'><subfield code='a'>Electronic books.</subfield></datafield><datafield ind1=' ' ind2=' ' tag='776'><subfield code='z'>1-4426-4311-0</subfield></datafield><datafield ind1=' ' ind2=' ' tag='776'><subfield code='z'>1-4426-1168-5</subfield></datafield><datafield ind1='1' ind2=' ' tag='700'><subfield code='a'>Henderson, Jennifer</subfield><subfield code='q'>(Jennifer Anne),</subfield><subfield code='e'>editor.</subfield></datafield><datafield ind1='1' ind2=' ' tag='700'><subfield code='a'>Wakeham, Pauline,</subfield><subfield code='d'>1976-</subfield><subfield code='e'>editor.</subfield></datafield><datafield ind1=' ' ind2='0' tag='830'><subfield code='a'>Canadian Electronic Library.</subfield><subfield code='p'>Canadian publishers collection.</subfield></datafield><datafield ind1=' ' ind2='0' tag='852'><subfield code='3'>Thumbnail cover image:</subfield><subfield code='u'>http://celarc.ca/covers/438/438850.jpg</subfield></datafield><datafield ind1=' ' ind2='0' tag='852'><subfield code='3'>Medium cover image:</subfield><subfield code='u'>http://celarc.ca/covers-medium/438/438850.jpg</subfield></datafield><datafield ind1=' ' ind2=' ' tag='906'><subfield code='a'>BOOK</subfield></datafield><datafield ind1=' ' ind2=' ' tag='ADM'><subfield code='b'>2017-12-18 21:19:08</subfield><subfield code='e'>(CKB)2550000001197283</subfield><subfield code='d'>PQNKB</subfield><subfield code='f'>20160803134623.0</subfield><subfield code='a'>2014-02-09 10:10:58</subfield><subfield code='c'>false</subfield></datafield><datafield ind1=' ' ind2=' ' tag='PRT'><subfield code='a'>53392257290003811</subfield><subfield code='b'>https://sandbox01-na.alma.exlibrisgroup.com/view/uresolver/01TULI_INST/openurl?u.ignore_date_coverage=true&amp;rft.mms_id=991036813237303811</subfield><subfield code='e'>EBSCOhost</subfield><subfield code='9'>Available</subfield><subfield code='c'>EBSCOhost Academic eBook Collection (North America)</subfield><subfield code='h'>613640000000000029</subfield><subfield code='8'>53392257290003811</subfield></datafield><datafield ind1=' ' ind2=' ' tag='PRT'><subfield code='a'>53406446320003811</subfield><subfield code='b'>https://sandbox01-na.alma.exlibrisgroup.com/view/uresolver/01TULI_INST/openurl?u.ignore_date_coverage=true&amp;rft.mms_id=991036813237303811</subfield><subfield code='e'>EBSCOhost</subfield><subfield code='9'>Available</subfield><subfield code='c'>EBSCOhost eBook History Collection - North America</subfield><subfield code='h'>613790000000001582</subfield><subfield code='8'>53406446320003811</subfield></datafield></record>