
<record xmlns='http://www.loc.gov/MARC21/slim'><leader>03246cam  2200457 i 4500</leader><controlfield tag='005'>20180315133251.0</controlfield><controlfield tag='008'>160826s2017    nyu      b    001 e eng  </controlfield><controlfield tag='001'>991033452769703811</controlfield><datafield ind1=' ' ind2=' ' tag='010'><subfield code='a'>2016028625</subfield></datafield><datafield ind1=' ' ind2=' ' tag='020'><subfield code='a'>9780190459246</subfield><subfield code='q'>paperback ;</subfield><subfield code='q'>alkaline paper</subfield></datafield><datafield ind1=' ' ind2=' ' tag='020'><subfield code='a'>0190459247</subfield><subfield code='q'>paperback ;</subfield><subfield code='q'>alkaline paper</subfield></datafield><datafield ind1=' ' ind2=' ' tag='020'><subfield code='a'>9780190459239</subfield><subfield code='q'>hardcover ;</subfield><subfield code='q'>alkaline paper</subfield></datafield><datafield ind1=' ' ind2=' ' tag='020'><subfield code='a'>0190459239</subfield><subfield code='q'>hardcover ;</subfield><subfield code='q'>alkaline paper</subfield></datafield><datafield ind1=' ' ind2=' ' tag='020'><subfield code='z'>9780190459260</subfield><subfield code='q'>electronic book course</subfield></datafield><datafield ind1=' ' ind2=' ' tag='020'><subfield code='z'>9780190459253</subfield><subfield code='q'>electronic book</subfield></datafield><datafield ind1=' ' ind2=' ' tag='035'><subfield code='a'>(PPT)b6485646x-01tuli_inst</subfield></datafield><datafield ind1=' ' ind2=' ' tag='035'><subfield code='a'>(OCoLC)DLCocn960762185</subfield><subfield code='9'>ExL</subfield></datafield><datafield ind1=' ' ind2=' ' tag='035'><subfield code='a'>(OCoLC)960762185</subfield></datafield><datafield ind1=' ' ind2=' ' tag='040'><subfield code='a'>DLC</subfield><subfield code='b'>eng</subfield><subfield code='e'>rda</subfield><subfield code='c'>DLC</subfield><subfield code='d'>OCLCO</subfield><subfield code='d'>BDX</subfield><subfield code='d'>YDX</subfield><subfield code='d'>BTCTA</subfield><subfield code='d'>OCLCF</subfield><subfield code='d'>OCLCQ</subfield><subfield code='d'>YDX</subfield><subfield code='d'>OCLCO</subfield></datafield><datafield ind1=' ' ind2=' ' tag='042'><subfield code='a'>pcc</subfield></datafield><datafield ind1=' ' ind2=' ' tag='090'><subfield code='a'>B832</subfield><subfield code='b'>.P564 2017</subfield></datafield><datafield ind1='0' ind2='0' tag='245'><subfield code='a'>Pragmatism and justice /</subfield><subfield code='c'>edited by Susan Dieleman, David Rondel, and Christopher Voparil.</subfield></datafield><datafield ind1=' ' ind2='1' tag='264'><subfield code='a'>New York, NY :</subfield><subfield code='b'>Oxford University Press,</subfield><subfield code='c'>[2017]</subfield></datafield><datafield ind1=' ' ind2=' ' tag='300'><subfield code='a'>xvii, 334 pages ;</subfield><subfield code='c'>24 cm</subfield></datafield><datafield ind1=' ' ind2=' ' tag='336'><subfield code='a'>text</subfield><subfield code='b'>txt</subfield><subfield code='2'>rdacontent</subfield></datafield><datafield ind1=' ' ind2=' ' tag='337'><subfield code='a'>unmediated</subfield><subfield code='b'>n</subfield><subfield code='2'>rdamedia</subfield></datafield><datafield ind1=' ' ind2=' ' tag='338'><subfield code='a'>volume</subfield><subfield code='b'>nc</subfield><subfield code='2'>rdacarrier</subfield></datafield><datafield ind1=' ' ind2=' ' tag='504'><subfield code='a'>Includes bibliographical references and index.</subfield></datafield><datafield ind1='0' ind2=' ' tag='505'><subfield code='a'>Introduction : Perspectives on Pragmatism and Justice / Susan Dieleman, David Rondel, and Christopher J. Voparil -- Justice as a Larger Loyalty / Richard Rorty -- Abnormal Justice / Nancy Fraser -- Pragmatism&apos;s Contribution to Nonideal Theorizing: Fraser, Addams, and Rorty / Christopher J. Voparil -- Empirical Approaches to Injustice : Elizabeth Anderson and the Pragmatists -- Ideal and Actual in Dewey&apos;s Political Theory / Matthew Festenstein -- Justice in Context / Ruth Anna Putnam -- Realism, Pragmatism, and Critical Social Epistemology / Susan Dieleman -- Social Inequality, Power, and Politics : Intersectionality in Dialogue with American Pragmatism / Patricia Hill Collins -- Pragmatism and Dreams of Justice : Between Radical Black Philosophy and Deweyan Democracy / V. Denise James -- Contesting Injustice : Why Pragmatist Political Thought Needs Du Bois / Colin Koopman -- Pragmatism, Racial Injustice, and Epistemic Insurrection : Toward an Insurrectionist Pragmatism / José Medina -- An Aesthetics of Resistance : Deweyan Experimentalism and Epistemic Injustice / Paul C. Taylor -- Setting Aside Hope : A Pragmatist Approach to Racial Justice / Shannon Sullivan -- Reconsidering Deweyan Democracy / Hilary Putnam -- Dewey and the Problem of Justice / Peter Manicas -- (What) Can Pragmatists Think About Justice? : Pragmatism and Liberal Egalitarianism / Robert B. Talisse -- A Pragmatist Account of Legitimacy and Authority : Holmes, Ramsey, and the Moral Force of Law / Cheryl Misak -- William James on Justice and the Sacredness of Individuality / David Rondel.</subfield></datafield><datafield ind1=' ' ind2='0' tag='650'><subfield code='a'>Pragmatism.</subfield></datafield><datafield ind1=' ' ind2='0' tag='650'><subfield code='a'>Justice (Philosophy)</subfield></datafield><datafield ind1=' ' ind2='7' tag='650'><subfield code='a'>Justice (Philosophy)</subfield><subfield code='2'>fast</subfield><subfield code='0'>(OCoLC)fst00985140</subfield></datafield><datafield ind1=' ' ind2='7' tag='650'><subfield code='a'>Pragmatism.</subfield><subfield code='2'>fast</subfield><subfield code='0'>(OCoLC)fst01074582</subfield></datafield><datafield ind1='1' ind2=' ' tag='700'><subfield code='a'>Dieleman, Susan,</subfield><subfield code='e'>editor.</subfield></datafield><datafield ind1='1' ind2=' ' tag='700'><subfield code='a'>Rondel, David,</subfield><subfield code='d'>1978-</subfield><subfield code='e'>editor.</subfield></datafield><datafield ind1='1' ind2=' ' tag='700'><subfield code='a'>Voparil, Christopher J.,</subfield><subfield code='d'>1969-</subfield><subfield code='e'>editor.</subfield></datafield><datafield ind1=' ' ind2=' ' tag='907'><subfield code='a'>.b6485646x</subfield><subfield code='b'>p    </subfield><subfield code='c'>-</subfield></datafield><datafield ind1=' ' ind2=' ' tag='945'><subfield code='l'>pstk </subfield><subfield code='g'>1</subfield></datafield><datafield ind1=' ' ind2=' ' tag='979'><subfield code='a'>ocn960762185</subfield><subfield code='b'>TEU</subfield></datafield><datafield ind1=' ' ind2=' ' tag='998'><subfield code='b'>1</subfield><subfield code='c'>170524</subfield><subfield code='d'>m</subfield><subfield code='e'>a</subfield><subfield code='f'>-</subfield><subfield code='g'>0</subfield></datafield><datafield ind1=' ' ind2=' ' tag='998'><subfield code='a'>sendtomarciveA</subfield></datafield><datafield ind1=' ' ind2=' ' tag='ADM'><subfield code='b'>2018-03-15 17:32:51</subfield><subfield code='e'>b6485646x-01tuli_inst</subfield><subfield code='d'>OTHER</subfield><subfield code='a'>2017-06-20 06:08:17</subfield><subfield code='c'>false</subfield></datafield><datafield ind1='0' ind2=' ' tag='HLD'><subfield code='b'>MAIN</subfield><subfield code='c'>stacks</subfield><subfield code='h'>B832</subfield><subfield code='i'>.P564 2017</subfield><subfield code='8'>22242196520003811</subfield></datafield><datafield ind1=' ' ind2=' ' tag='ITM'><subfield code='r'>22242196520003811</subfield><subfield code='b'>1</subfield><subfield code='h'>0</subfield><subfield code='g'>stacks</subfield><subfield code='t'>BOOK</subfield><subfield code='9'>39074030232615</subfield><subfield code='e'>stacks</subfield><subfield code='8'>23242196480003811</subfield><subfield code='a'>0</subfield><subfield code='q'>2017-06-20 06:08:17</subfield><subfield code='i'>B832 .P564 2017</subfield><subfield code='d'>MAIN</subfield><subfield code='f'>MAIN</subfield></datafield></record>