
<record xmlns='http://www.loc.gov/MARC21/slim'><leader>01366nam  2200325 i 4500</leader><controlfield tag='001'>991036876877103811</controlfield><controlfield tag='005'>20171119105809.0</controlfield><controlfield tag='006'>m     o  d |      </controlfield><controlfield tag='007'>cr |n|999|||||</controlfield><controlfield tag='008'>160119t20152015mdu     ob    000 0 eng d</controlfield><datafield ind1=' ' ind2=' ' tag='020'><subfield code='a'>9781498515726</subfield></datafield><datafield ind1=' ' ind2=' ' tag='020'><subfield code='a'>1-4985-1572-X</subfield></datafield><datafield ind1=' ' ind2=' ' tag='035'><subfield code='a'>(CKB)3710000000563227</subfield></datafield><datafield ind1=' ' ind2=' ' tag='035'><subfield code='a'>(EBL)4312621</subfield></datafield><datafield ind1=' ' ind2=' ' tag='035'><subfield code='a'>(MiAaPQ)EBC4312621</subfield></datafield><datafield ind1=' ' ind2=' ' tag='035'><subfield code='a'>(EXLCZ)993710000000563227</subfield></datafield><datafield ind1=' ' ind2=' ' tag='040'><subfield code='a'>MiAaPQ</subfield><subfield code='b'>eng</subfield><subfield code='e'>rda</subfield><subfield code='e'>pn</subfield><subfield code='c'>MiAaPQ</subfield><subfield code='d'>MiAaPQ</subfield></datafield><datafield ind1='0' ind2=' ' tag='041'><subfield code='a'>eng</subfield></datafield><datafield ind1=' ' ind2='4' tag='050'><subfield code='a'>HM821</subfield><subfield code='b'>.E683 2015</subfield></datafield><datafield ind1='0' ind2=' ' tag='082'><subfield code='a'>305</subfield><subfield code='2'>23</subfield></datafield><datafield ind1='0' ind2='4' tag='245'><subfield code='a'>The equal society :</subfield><subfield code='b'>essays on equality in theory and practice /</subfield><subfield code='c'>edited by George Hall.</subfield></datafield><datafield ind1=' ' ind2='1' tag='264'><subfield code='a'>Lanham, Maryland :</subfield><subfield code='b'>Lexington Books,</subfield><subfield code='c'>2015.</subfield></datafield><datafield ind1=' ' ind2='4' tag='264'><subfield code='c'>©2015</subfield></datafield><datafield ind1=' ' ind2=' ' tag='300'><subfield code='a'>1 online resource (290 pages)</subfield></datafield><datafield ind1=' ' ind2=' ' tag='336'><subfield code='a'>text</subfield><subfield code='2'>rdacontent</subfield></datafield><datafield ind1=' ' ind2=' ' tag='337'><subfield code='a'>computer</subfield><subfield code='2'>rdamedia</subfield></datafield><datafield ind1=' ' ind2=' ' tag='338'><subfield code='a'>online resource</subfield><subfield code='2'>rdacarrier</subfield></datafield><datafield ind1=' ' ind2=' ' tag='500'><subfield code='a'>Description based upon print version of record.</subfield></datafield><datafield ind1=' ' ind2=' ' tag='504'><subfield code='a'>Includes bibliographical references and index.</subfield></datafield><datafield ind1='0' ind2=' ' tag='505'><subfield code='a'>Cover-Page; Halftitle; Title; Copyright; Contents; Preface; Introduction; Part I: Theoretical Expansions and Revisions; 1 Social Equality, Relative Poverty and Marginalised Groups; 2 Racial Equality; 3 Epistemic Contribution as a Central Human Capability; 4 Equality of Intelligibility; 5 Capability Luck Egalitarianism; 6 From Well-faring to Well-being: Prospects for a Metric of Liberal Egalitarian Justice; 7 Hierarchy and Social Respect: Friends or Enemies?; 8 Equality of Freedom; 9 An African Egalitarianism: Bringing Community to Bear on Equality; Part II: Putting Equality Into Practice</subfield></datafield><datafield ind1='8' ind2=' ' tag='505'><subfield code='a'>10 Equality, Liberty and Modern Constitutionalism11 Forward-looking Equalization: Can It Subsume Historical Redress Claims?; 12 What Is Equality in Higher Education?; 13 Does the Gendered Division of Labor Undermine Citizenship?; 14 Social Equality and Economic Institutions: Arguing for Workplace Democracy; Index; About the Contributors</subfield></datafield><datafield ind1=' ' ind2=' ' tag='520'><subfield code='a'>The Equal Society collects fourteen new scholarly essays by established and emerging researchers on the topic of equality-including new work by Ann E. Cudd, Miranda Fricker, Charles W. Mills and Jonathan Wolff. The authors address political, legal and ethical aspects of their subject, and provide fresh perspectives on themes prominent in current social and political philosophy, including relational equality, epistemic injustice, the capabilities approach, African ethics, gender equality and the philosophy of race.</subfield></datafield><datafield ind1=' ' ind2=' ' tag='588'><subfield code='a'>Description based on online resource; title from PDF title page (ebrary, viewed January 19, 2016).</subfield></datafield><datafield ind1=' ' ind2='0' tag='650'><subfield code='a'>Equality.</subfield></datafield><datafield ind1=' ' ind2='4' tag='655'><subfield code='a'>Electronic books.</subfield></datafield><datafield ind1='1' ind2=' ' tag='700'><subfield code='a'>Hall, George,</subfield><subfield code='e'>editor.</subfield></datafield><datafield ind1='0' ind2='8' tag='776'><subfield code='i'>Print version:</subfield><subfield code='t'>Equal society : essays on equality in theory and practice.</subfield><subfield code='d'>Lanham, Maryland : Lexington Books, c2015 </subfield><subfield code='h'>approximately 290 pages </subfield><subfield code='z'>9781498515719</subfield></datafield><datafield ind1=' ' ind2=' ' tag='906'><subfield code='a'>BOOK</subfield></datafield><datafield ind1=' ' ind2=' ' tag='ADM'><subfield code='b'>2018-02-05 08:12:05</subfield><subfield code='e'>(CKB)3710000000563227</subfield><subfield code='d'>EBC</subfield><subfield code='a'>2016-01-23 19:51:17</subfield><subfield code='c'>false</subfield></datafield><datafield ind1=' ' ind2=' ' tag='PRT'><subfield code='a'>53412854210003811</subfield><subfield code='b'>https://sandbox01-na.alma.exlibrisgroup.com/view/uresolver/01TULI_INST/openurl?u.ignore_date_coverage=true&amp;rft.mms_id=991036876877103811</subfield><subfield code='e'>EBSCOhost</subfield><subfield code='9'>Available</subfield><subfield code='c'>EBSCOhost Academic eBook Collection (North America)</subfield><subfield code='h'>613640000000000029</subfield><subfield code='8'>53412854210003811</subfield></datafield></record>