
<record xmlns='http://www.loc.gov/MARC21/slim'><leader>01626nam  2200385 i 4500</leader><controlfield tag='001'>991036818368903811</controlfield><controlfield tag='005'>20170919054815.0</controlfield><controlfield tag='006'>m     o  d |      </controlfield><controlfield tag='007'>cr -n---------</controlfield><controlfield tag='008'>160318t20152015gw      ob    000 0 eng d</controlfield><datafield ind1=' ' ind2=' ' tag='020'><subfield code='a'>3-8394-2710-X</subfield></datafield><datafield ind1=' ' ind2=' ' tag='035'><subfield code='a'>(CKB)3360000000515397</subfield></datafield><datafield ind1=' ' ind2=' ' tag='035'><subfield code='a'>(EBL)4347771</subfield></datafield><datafield ind1=' ' ind2=' ' tag='035'><subfield code='a'>(SSID)ssj0001596079</subfield></datafield><datafield ind1=' ' ind2=' ' tag='035'><subfield code='a'>(PQKBManifestationID)16295805</subfield></datafield><datafield ind1=' ' ind2=' ' tag='035'><subfield code='a'>(PQKBTitleCode)TC0001596079</subfield></datafield><datafield ind1=' ' ind2=' ' tag='035'><subfield code='a'>(PQKBWorkID)14885113</subfield></datafield><datafield ind1=' ' ind2=' ' tag='035'><subfield code='a'>(PQKB)10813111</subfield></datafield><datafield ind1=' ' ind2=' ' tag='035'><subfield code='a'>(MiAaPQ)EBC4347771</subfield></datafield><datafield ind1=' ' ind2=' ' tag='035'><subfield code='a'>(EXLCZ)993360000000515397</subfield></datafield><datafield ind1=' ' ind2=' ' tag='040'><subfield code='a'>MiAaPQ</subfield><subfield code='b'>eng</subfield><subfield code='e'>rda</subfield><subfield code='e'>pn</subfield><subfield code='c'>MiAaPQ</subfield><subfield code='d'>MiAaPQ</subfield></datafield><datafield ind1=' ' ind2=' ' tag='041'><subfield code='a'>eng</subfield></datafield><datafield ind1=' ' ind2='4' tag='050'><subfield code='a'>RC521</subfield><subfield code='b'>.P678 2015</subfield></datafield><datafield ind1='0' ind2=' ' tag='082'><subfield code='a'>616.83</subfield><subfield code='2'>23</subfield></datafield><datafield ind1='1' ind2=' ' tag='100'><subfield code='a'>Swinnen, Aagje.</subfield></datafield><datafield ind1='0' ind2='0' tag='245'><subfield code='a'>Popularizing dementia :</subfield><subfield code='b'>public expressions and representations of forgetfulness /</subfield><subfield code='c'>Aagje Swinnen, Mark Schweda (eds.).</subfield></datafield><datafield ind1=' ' ind2='1' tag='264'><subfield code='a'>Bielefeld, [Germany] :</subfield><subfield code='b'>transcript,</subfield><subfield code='c'>2015.</subfield></datafield><datafield ind1=' ' ind2='4' tag='264'><subfield code='c'>©2015</subfield></datafield><datafield ind1=' ' ind2=' ' tag='300'><subfield code='a'>1 online resource (411 p.)</subfield></datafield><datafield ind1=' ' ind2=' ' tag='336'><subfield code='a'>text</subfield><subfield code='b'>txt</subfield></datafield><datafield ind1=' ' ind2=' ' tag='337'><subfield code='a'>computer</subfield><subfield code='b'>c</subfield></datafield><datafield ind1=' ' ind2=' ' tag='338'><subfield code='a'>online resource</subfield><subfield code='b'>cr</subfield></datafield><datafield ind1='1' ind2=' ' tag='490'><subfield code='a'>Aging Studies ;</subfield><subfield code='v'>Volume 6</subfield></datafield><datafield ind1=' ' ind2=' ' tag='500'><subfield code='a'>Description based upon print version of record.</subfield></datafield><datafield ind1='0' ind2=' ' tag='505'><subfield code='a'>Cover Popularizing Dementia ; Contents               ; Popularizing dementia. Public expressions and representations of forgetfulness                                                                                     ; I. LITERARY FICTION                          ; The locus of our dis-ease. Narratives of family life in the age of Alzheimer&apos;s</subfield></datafield><datafield ind1='8' ind2=' ' tag='505'><subfield code='a'>Deconstructing the American family. Figures of parents with dementia in Jonathan Franzen&apos;s The Corrections and A.M. Homes&apos; May We Be Forgiven                                                                                                                                                    Purging the world of the Whore and the horror. Gothic and apocalyptic portrayals of dementia in Canadian fiction</subfield></datafield><datafield ind1='8' ind2=' ' tag='505'><subfield code='a'>Narrating the limits of narration. Alzheimer&apos;s disease in contemporary literary texts                                                                                            The &apos;terrifying question mark&apos;. Dementia, fiction, and the possibilities of narrative                                                                                            ; II. ART, ARTISTIC APPROACHES, AND FILM                                             ; Dementia on the canvas. Art and the biopolitics of creativity</subfield></datafield><datafield ind1='8' ind2=' ' tag='505'><subfield code='a'>Cultural projection of dementia in the Reminiscence Museum. Dynamics of extrapolation                                                                                            Opening Minds through Art. Students&apos; constructions of people with dementia                                                                                 ; &apos;Zip!&apos; Dementia materialized in clothing design</subfield></datafield><datafield ind1='8' ind2=' ' tag='505'><subfield code='a'>Challenging representations of dementia in contemporary Western fiction film. From epistemic injustice to social participation                                                                                                                                     Intercorporeal relations and ethical perception. Portrayals of Alzheimer&apos;s disease in Away from Her and En sång för Martin</subfield></datafield><datafield ind1='8' ind2=' ' tag='505'><subfield code='a'>III. MEDIA DISCOURSES AND PUBLIC UNDERSTANDINGS</subfield></datafield><datafield ind1=' ' ind2=' ' tag='546'><subfield code='a'>English</subfield></datafield><datafield ind1=' ' ind2=' ' tag='504'><subfield code='a'>Includes bibliographical references at the end of each chapters.</subfield></datafield><datafield ind1=' ' ind2=' ' tag='588'><subfield code='a'>Description based on online resource; title from PDF title page (ebrary, viewed March 17, 2016).</subfield></datafield><datafield ind1=' ' ind2='4' tag='655'><subfield code='a'>Electronic books.</subfield></datafield><datafield ind1=' ' ind2='0' tag='650'><subfield code='a'>Dementia.</subfield></datafield><datafield ind1=' ' ind2='0' tag='650'><subfield code='a'>Alzheimer&apos;s disease.</subfield></datafield><datafield ind1=' ' ind2='0' tag='650'><subfield code='a'>Dementia in art.</subfield></datafield><datafield ind1=' ' ind2=' ' tag='776'><subfield code='z'>3-8376-2710-1</subfield></datafield><datafield ind1='1' ind2=' ' tag='700'><subfield code='a'>Swinnen, Aagje,</subfield><subfield code='e'>editor.</subfield></datafield><datafield ind1='1' ind2=' ' tag='700'><subfield code='a'>Schweda, Mark,</subfield><subfield code='e'>editor.</subfield></datafield><datafield ind1=' ' ind2='0' tag='830'><subfield code='a'>Aging Studies</subfield></datafield><datafield ind1=' ' ind2=' ' tag='906'><subfield code='a'>BOOK</subfield></datafield><datafield ind1=' ' ind2=' ' tag='ADM'><subfield code='b'>2017-12-03 09:24:22</subfield><subfield code='e'>(CKB)3360000000515397</subfield><subfield code='d'>PQNKB</subfield><subfield code='f'>20160803134623.0</subfield><subfield code='a'>2014-12-09 18:21:40</subfield><subfield code='c'>false</subfield></datafield><datafield ind1=' ' ind2=' ' tag='PRT'><subfield code='a'>53395547940003811</subfield><subfield code='b'>https://sandbox01-na.alma.exlibrisgroup.com/view/uresolver/01TULI_INST/openurl?u.ignore_date_coverage=true&amp;rft.mms_id=991036818368903811</subfield><subfield code='e'>EBSCOhost</subfield><subfield code='9'>Available</subfield><subfield code='c'>EBSCOhost Academic eBook Collection (North America)</subfield><subfield code='h'>613640000000000029</subfield><subfield code='8'>53395547940003811</subfield></datafield><datafield ind1=' ' ind2=' ' tag='PRT'><subfield code='a'>53396764790003811</subfield><subfield code='b'>https://sandbox01-na.alma.exlibrisgroup.com/view/uresolver/01TULI_INST/openurl?u.ignore_date_coverage=true&amp;rft.mms_id=991036818368903811</subfield><subfield code='e'>EBSCOhost</subfield><subfield code='9'>Available</subfield><subfield code='c'>EBSCOhost eBook Community College Collection</subfield><subfield code='h'>613860000000000003</subfield><subfield code='8'>53396764790003811</subfield></datafield></record>