
<record xmlns='http://www.loc.gov/MARC21/slim'><leader>04486nam a22005535i 4500</leader><controlfield tag='001'>991036801526903811</controlfield><controlfield tag='005'>20170919041658.0</controlfield><controlfield tag='006'>m     o  d |      </controlfield><controlfield tag='007'>cr -n---------</controlfield><controlfield tag='008'>160323s2016    gw |    o    |||| 0|eng d</controlfield><datafield ind1=' ' ind2=' ' tag='020'><subfield code='a'>3-319-27389-2</subfield></datafield><datafield ind1='7' ind2=' ' tag='024'><subfield code='a'>10.1007/978-3-319-27389-1</subfield><subfield code='2'>doi</subfield></datafield><datafield ind1=' ' ind2=' ' tag='035'><subfield code='a'>(CKB)3710000000621625</subfield></datafield><datafield ind1=' ' ind2=' ' tag='035'><subfield code='a'>(EBL)4456482</subfield></datafield><datafield ind1=' ' ind2=' ' tag='035'><subfield code='a'>(DE-He213)978-3-319-27389-1</subfield></datafield><datafield ind1=' ' ind2=' ' tag='035'><subfield code='a'>(MiAaPQ)EBC4456482</subfield></datafield><datafield ind1=' ' ind2=' ' tag='035'><subfield code='a'>(EXLCZ)993710000000621625</subfield></datafield><datafield ind1=' ' ind2=' ' tag='040'><subfield code='a'>MiAaPQ</subfield><subfield code='b'>eng</subfield><subfield code='e'>rda</subfield><subfield code='e'>pn</subfield><subfield code='c'>MiAaPQ</subfield><subfield code='d'>MiAaPQ</subfield></datafield><datafield ind1=' ' ind2='4' tag='050'><subfield code='a'>B65</subfield></datafield><datafield ind1=' ' ind2='7' tag='072'><subfield code='a'>HPS</subfield><subfield code='2'>bicssc</subfield></datafield><datafield ind1=' ' ind2='7' tag='072'><subfield code='a'>PHI019000</subfield><subfield code='2'>bisacsh</subfield></datafield><datafield ind1='0' ind2='0' tag='082'><subfield code='a'>100</subfield></datafield><datafield ind1='1' ind2=' ' tag='100'><subfield code='a'>Drerup, Johannes.</subfield></datafield><datafield ind1='1' ind2='0' tag='245'><subfield code='a'>Justice, Education and the Politics of Childhood</subfield><subfield code='h'>[electronic resource] :</subfield><subfield code='b'>Challenges and Perspectives /</subfield><subfield code='c'>edited by Johannes Drerup, Gunter Graf, Christoph Schickhardt, Gottfried Schweiger.</subfield></datafield><datafield ind1=' ' ind2=' ' tag='250'><subfield code='a'>1st ed. 2016.</subfield></datafield><datafield ind1=' ' ind2='1' tag='264'><subfield code='a'>Cham :</subfield><subfield code='b'>Springer International Publishing :</subfield><subfield code='b'>Imprint: Springer,</subfield><subfield code='c'>2016.</subfield></datafield><datafield ind1=' ' ind2=' ' tag='300'><subfield code='a'>1 online resource (267 p.)</subfield></datafield><datafield ind1=' ' ind2=' ' tag='336'><subfield code='a'>text</subfield><subfield code='b'>txt</subfield><subfield code='2'>rdacontent</subfield></datafield><datafield ind1=' ' ind2=' ' tag='337'><subfield code='a'>computer</subfield><subfield code='b'>c</subfield><subfield code='2'>rdamedia</subfield></datafield><datafield ind1=' ' ind2=' ' tag='338'><subfield code='a'>online resource</subfield><subfield code='b'>cr</subfield><subfield code='2'>rdacarrier</subfield></datafield><datafield ind1=' ' ind2=' ' tag='347'><subfield code='a'>text file</subfield><subfield code='b'>PDF</subfield><subfield code='2'>rda</subfield></datafield><datafield ind1='1' ind2=' ' tag='490'><subfield code='a'>Philosophy and Politics - Critical Explorations,</subfield><subfield code='x'>2352-8370 ;</subfield><subfield code='v'>1</subfield></datafield><datafield ind1=' ' ind2=' ' tag='500'><subfield code='a'>Description based upon print version of record.</subfield></datafield><datafield ind1=' ' ind2=' ' tag='504'><subfield code='a'>Includes bibliographical references.</subfield></datafield><datafield ind1=' ' ind2=' ' tag='588'><subfield code='a'>Description based on print version record.</subfield></datafield><datafield ind1='0' ind2=' ' tag='505'><subfield code='a'>Part I Children and Childhood: Autonomy, Well-Being and Paternalism -- 1 Constructing Children’s Rights; Colin Macleod -- 2 Future-Oriented Paternalism and the Intrinsic Goods of Childhood; Alexander Bagattini -- 3 Who gets to decide? Children’s competence, parental authority, and informed consent; Allyn Fives -- 4 Capacity, Consistency and the Young; Nicholas Munn -- 5 Eating Disorders in Minors and the Role of the Media. An Ethical Investigation; Christoph Schickhardt -- Part II Justice for Children -- 6 Equality of what for children; Lars Lindblom -- 7 Social Policy and Justice for Children; Gottfried Schweiger -- 8 The Politics of the Level Playing Field. Equality of Opportunity and Educational Justice; Johannes Drerup -- 9 Child psychological abuse, public health and social justice: the Cinderella Law debate; Mar Cabezas -- 10 Epistemic injustice and children’s well-being; Christina Schües -- Part III The Politics of Childhood -- 11 Cultural Minorities and the Lives of Children; Josephine Nielsen -- 12 Civic Education: Political or Comprehensive?; Elizabeth Edenberg -- 13 “I can’t tell you exactly who I am …”: The creation of childhood and adulthood in F. Scott Fitzgerald’s short story The curious case of Benjamin Button; Nicole Balzer -- 14 Education for Autonomy in the Context of Consumer Culture; Philip Knobloch -- 15 “My Place”? Catholic Social Teaching and the Politics of Geborgenheit; Clemens Sedmak -- About the Authors. .</subfield></datafield><datafield ind1=' ' ind2=' ' tag='520'><subfield code='a'>This volume contributes to the ongoing interdisciplinary controversies about the moral, legal and political status of children and childhood. It comprises essays by scholars from different disciplinary backgrounds on diverse theoretical problems and public policy controversies that bear upon different facets of the life of children in contemporary liberal democracies. The book is divided into three major parts that are each organized around a common general theme. The first part (“Children and Childhood: Autonomy, Well-Being and Paternalism”) focusses on key concepts of an ethics of childhood. Part two (“Justice for Children”) contains chapters that are concerned with the topics of justice for children and justice during childhood. The third part (“The Politics of Childhood”) deals with issues that concern the importance of `childhood´ as a historically contingent political category and its relevance for the justification and practical design of political processes and institutions that affect children and families. .</subfield></datafield><datafield ind1=' ' ind2='0' tag='650'><subfield code='a'>Children</subfield><subfield code='x'>Social conditions.</subfield></datafield><datafield ind1=' ' ind2='0' tag='650'><subfield code='a'>Children</subfield><subfield code='x'>Legal status, laws, etc.</subfield></datafield><datafield ind1=' ' ind2='0' tag='650'><subfield code='a'>Children&apos;s rights.</subfield></datafield><datafield ind1=' ' ind2='0' tag='650'><subfield code='a'>Education</subfield><subfield code='x'>Philosophy.</subfield></datafield><datafield ind1=' ' ind2='0' tag='650'><subfield code='a'>Moral education.</subfield></datafield><datafield ind1=' ' ind2='4' tag='655'><subfield code='a'>Electronic books.</subfield></datafield><datafield ind1=' ' ind2=' ' tag='776'><subfield code='z'>3-319-27387-6</subfield></datafield><datafield ind1='1' ind2=' ' tag='700'><subfield code='a'>Drerup, Johannes.</subfield><subfield code='e'>editor.</subfield></datafield><datafield ind1='1' ind2=' ' tag='700'><subfield code='a'>Graf, Gunter.</subfield><subfield code='e'>editor.</subfield></datafield><datafield ind1='1' ind2=' ' tag='700'><subfield code='a'>Schickhardt, Christoph.</subfield><subfield code='e'>editor.</subfield></datafield><datafield ind1='1' ind2=' ' tag='700'><subfield code='a'>Schweiger, Gottfried.</subfield><subfield code='e'>editor.</subfield></datafield><datafield ind1=' ' ind2='0' tag='830'><subfield code='a'>Philosophy and Politics - Critical Explorations,</subfield><subfield code='x'>2352-8370 ;</subfield><subfield code='v'>1</subfield></datafield><datafield ind1=' ' ind2=' ' tag='906'><subfield code='a'>BOOK</subfield></datafield><datafield ind1=' ' ind2=' ' tag='ADM'><subfield code='b'>2018-02-23 07:44:59</subfield><subfield code='e'>993710000000621625</subfield><subfield code='d'>NON_SFX</subfield><subfield code='f'>20160525151400.0</subfield><subfield code='a'>2016-04-09 15:12:40</subfield><subfield code='c'>false</subfield></datafield><datafield ind1=' ' ind2=' ' tag='PRT'><subfield code='a'>53366822730003811</subfield><subfield code='b'>https://sandbox01-na.alma.exlibrisgroup.com/view/uresolver/01TULI_INST/openurl?u.ignore_date_coverage=true&amp;rft.mms_id=991036801526903811</subfield><subfield code='e'>Springer Link</subfield><subfield code='9'>Available</subfield><subfield code='c'>SpringerLink Books Complete</subfield><subfield code='h'>611000000000001381</subfield><subfield code='8'>53366822730003811</subfield></datafield></record>