
<record xmlns='http://www.loc.gov/MARC21/slim'><leader>04700nam  2200589 i 4500</leader><controlfield tag='001'>991036795629203811</controlfield><controlfield tag='005'>20180327124218.0</controlfield><controlfield tag='006'>m     o  d |      </controlfield><controlfield tag='007'>cr#-n---------</controlfield><controlfield tag='008'>160613t20142014miua    ob    001 0 eng d</controlfield><datafield ind1=' ' ind2=' ' tag='020'><subfield code='a'>0-02-866432-9</subfield></datafield><datafield ind1=' ' ind2=' ' tag='035'><subfield code='a'>(CKB)3340000000002406</subfield></datafield><datafield ind1=' ' ind2=' ' tag='035'><subfield code='a'>(EBL)4392270</subfield></datafield><datafield ind1=' ' ind2=' ' tag='035'><subfield code='a'>(SSID)ssj0001286971</subfield></datafield><datafield ind1=' ' ind2=' ' tag='035'><subfield code='a'>(PQKBManifestationID)12417432</subfield></datafield><datafield ind1=' ' ind2=' ' tag='035'><subfield code='a'>(PQKBTitleCode)TC0001286971</subfield></datafield><datafield ind1=' ' ind2=' ' tag='035'><subfield code='a'>(PQKBWorkID)11277827</subfield></datafield><datafield ind1=' ' ind2=' ' tag='035'><subfield code='a'>(PQKB)10022787</subfield></datafield><datafield ind1=' ' ind2=' ' tag='035'><subfield code='a'>(MiAaPQ)EBC4392270</subfield></datafield><datafield ind1=' ' ind2=' ' tag='035'><subfield code='a'>(EXLCZ)993340000000002406</subfield></datafield><datafield ind1=' ' ind2=' ' tag='040'><subfield code='a'>MiAaPQ</subfield><subfield code='b'>eng</subfield><subfield code='e'>rda</subfield><subfield code='e'>pn</subfield><subfield code='c'>MiAaPQ</subfield><subfield code='d'>MiAaPQ</subfield></datafield><datafield ind1=' ' ind2=' ' tag='041'><subfield code='a'>eng</subfield></datafield><datafield ind1=' ' ind2='4' tag='050'><subfield code='a'>QH332</subfield><subfield code='b'>.B564 2014</subfield></datafield><datafield ind1='0' ind2='0' tag='082'><subfield code='a'>174.2</subfield></datafield><datafield ind1='0' ind2=' ' tag='130'><subfield code='a'>Bioethics (Jennings)</subfield></datafield><datafield ind1='0' ind2='0' tag='245'><subfield code='a'>Bioethics /</subfield><subfield code='c'>Bruce Jennings, editor in chief.</subfield></datafield><datafield ind1=' ' ind2=' ' tag='250'><subfield code='a'>004th ed.</subfield></datafield><datafield ind1=' ' ind2='1' tag='264'><subfield code='a'>Farmington Hills, Michigan :</subfield><subfield code='b'>Macmillan Reference USA,</subfield><subfield code='c'>2014.</subfield></datafield><datafield ind1=' ' ind2='4' tag='264'><subfield code='c'>©2014</subfield></datafield><datafield ind1=' ' ind2=' ' tag='300'><subfield code='a'>1 online resource (3594 p.)</subfield></datafield><datafield ind1=' ' ind2=' ' tag='336'><subfield code='a'>text</subfield><subfield code='b'>txt</subfield></datafield><datafield ind1=' ' ind2=' ' tag='337'><subfield code='a'>computer</subfield><subfield code='b'>c</subfield></datafield><datafield ind1=' ' ind2=' ' tag='338'><subfield code='a'>online resource</subfield><subfield code='b'>cr</subfield></datafield><datafield ind1='1' ind2=' ' tag='490'><subfield code='a'>Encyclopedia of Bioethics</subfield></datafield><datafield ind1=' ' ind2=' ' tag='500'><subfield code='a'>Description based upon print version of record.</subfield></datafield><datafield ind1='0' ind2=' ' tag='505'><subfield code='a'>Front Cover; Title Page; Editorial Board; Editorial and Production Staff; Contents; VOLUME 1; Preface; Introduction; Articles; Contributors; Topical Outline; A; ABORTION; ABUSE, INTERPERSONAL; ACCESS TO HEALTH CARE; ADDICTION AND DEPENDENCE; ADOLESCENT HEALTH AND MEDICINE; ADOPTION; ADVANCE DIRECTIVES AND ADVANCE CARE PLANNING; ADVERTISING AND MARKETING IN HEALTH CARE; AFRICA, BIOETHICS IN; AGING AND THE AGED; AGRICULTURE AND BIOTECHNOLOGY; AIDS; ALCOHOL AND OTHER DRUGS IN A PUBLIC HEALTH CONTEXT; ALTERNATIVE THERAPIES; AMERICA, BIOETHICS IN; ANIMAL RESEARCH; ANIMAL WELFARE AND RIGHTS</subfield></datafield><datafield ind1='8' ind2=' ' tag='505'><subfield code='a'>ARTIFICIAL NUTRITION AND HYDRATIONASIA; AUSTRALIA AND NEW ZEALAND, BIOETHICS IN; AUTHENTICITY; AUTHORITY IN RELIGIOUS TRADITIONS; AUTONOMY; AUTONOMY [ADDENDUM]; B; BENEFICENCE; BIAS, RESEARCH; BIOCENTRISM VERSUS ANTHROPOCENTRISM; BIODIVERSITY CONSERVATION; BIOETHICS; BIOETHICS COMMISSIONS, HISTORY OF; BIOETHICS EDUCATION; BIOLOGY, PHILOSOPHY OF; BIOLOGY, PHILOSOPHY OF [ADDENDUM]; BIOPOLITICS; BIOTERRORISM; BODY; BUDDHISM, BIOETHICS IN; VOLUME 2; C; CANCER, ETHICAL ISSUES RELATED TO DIAGNOSIS AND TREATMENT; CARE; CASUISTRY; CHILDBIRTH, MEDICAL PROCEDURES IN; CHILDREN; CHINA, BIOETHICS IN</subfield></datafield><datafield ind1='8' ind2=' ' tag='505'><subfield code='a'>CHRISTIANITY, BIOETHICS INCHRONIC ILLNESS; CIRCUMCISION, FEMALE; CIRCUMCISION, MALE; CIRCUMCISION, MALE [ADDENDUM]; CLIMATE CHANGE; CLINICAL ETHICS; CLONING; COERCION; COGNITIVE IMPAIRMENT/ TRAUMATIC BRAIN INJURY; COMMERCIALISM IN SCIENTIFIC RESEARCH; COMMERCIALISM IN SCIENTIFIC RESEARCH [ADDENDUM]; COMMUNITY AND COMMUNITARIANISM; COMMUNITY-BASED PARTICIPATORY RESEARCH; COMPARATIVE EFFECTIVENESS RESEARCH AND IMPLEMENTATION SCIENCE; COMPETENCE; CONFIDENTIALITY; CONFLICT OF INTEREST; CONFUCIANISM, BIOETHICS IN; CONSCIENCE; CONSCIENCE, RIGHTS OF; CONSENSUS, ROLE AND AUTHORITY OF</subfield></datafield><datafield ind1='8' ind2=' ' tag='505'><subfield code='a'>CONTINENTAL PHILOSOPHYCONTRACTARIANISM AND BIOETHICS; CORPORATE COMPLIANCE; CORPORATE SOCIAL RESPONSIBILITY IN HEALTH; CROSS-BORDER MEDICAL TRAVEL; CROSS-BORDER REPRODUCTIVE TRAVEL; CYBERNETICS; D; DAOISM; DEATH; DEATH, DEFINITION AND DETERMINATION OF; DEATH PENALTY; DEATH PENALTY [ADDENDUM]; DEEP BRAIN STIMULATION; DEMENTIA; DENTISTRY; DIALYSIS, KIDNEY; DISABILITY; DISORDERS OF CONSCIOUSNESS; DIVIDED LOYALTIES IN MENTAL HEALTH CARE; DNA IDENTIFICATION; DNA IDENTIFICATION [ADDENDUM]; DNR (DO NOT RESUSCITATE); DOUBLE EFFECT, PRINCIPLE OR DOCTRINE OF; E</subfield></datafield><datafield ind1='8' ind2=' ' tag='505'><subfield code='a'>EASTERN ORTHODOX CHRISTIANITY, BIOETHICS INEASTERN ORTHODOX CHRISTIANITY, BIOETHICS IN [ADDENDUM]; ECOLOGICAL BIOETHICS; ECONOMIC CONCEPTS IN HEALTH CARE; ELECTROCONVULSIVE THERAPY; ELECTROCONVULSIVE THERAPY [ADDENDUM]; EMBRYO AND FETUS; EMOTIONS; ENDANGERED SPECIES AND BIODIVERSITY; END-OF-LIFE CARE; ENHANCEMENT USES OF MEDICAL TECHNOLOGY; ENVIRONMENTAL ETHICS; ENVIRONMENTAL HEALTH ETHICS; ENVIRONMENTAL POLICY AND LAW; EPIDEMICS; EPISTEMIC INJUSTICE; ETHICS; ETHICS COMMITTEES AND ETHICS CONSULTATION; EUGENICS; EUROPE, BIOETHICS IN; EUTHANASIA; EXPERT TESTIMONY; EXPLOITATION; VOLUME 3; F</subfield></datafield><datafield ind1='8' ind2=' ' tag='505'><subfield code='a'>FAMILY AND FAMILY MEDICINE</subfield></datafield><datafield ind1=' ' ind2=' ' tag='546'><subfield code='a'>English</subfield></datafield><datafield ind1=' ' ind2=' ' tag='504'><subfield code='a'>Includes bibliographical references and index.</subfield></datafield><datafield ind1=' ' ind2=' ' tag='588'><subfield code='a'>Description based on print version record.</subfield></datafield><datafield ind1=' ' ind2='0' tag='650'><subfield code='a'>Bioethics</subfield><subfield code='v'>Encyclopedias.</subfield></datafield><datafield ind1=' ' ind2='0' tag='650'><subfield code='a'>Medical ethics</subfield><subfield code='v'>Encyclopedias.</subfield></datafield><datafield ind1=' ' ind2='4' tag='655'><subfield code='a'>Electronic books.</subfield></datafield><datafield ind1='0' ind2='0' tag='780'><subfield code='t'>Encyclopedia of Bioethics</subfield><subfield code='w'>(CKB)111087026718160</subfield><subfield code='w'>(DLC)</subfield><subfield code='w'>(OCoLC)</subfield><subfield code='z'>0-02-865916-3</subfield></datafield><datafield ind1=' ' ind2=' ' tag='776'><subfield code='z'>0-02-866205-9</subfield></datafield><datafield ind1=' ' ind2=' ' tag='776'><subfield code='z'>0-02-866212-1</subfield></datafield><datafield ind1='1' ind2=' ' tag='700'><subfield code='a'>Jennings, Bruce,</subfield><subfield code='d'>1949-</subfield><subfield code='e'>editor.</subfield></datafield><datafield ind1=' ' ind2='0' tag='830'><subfield code='a'>Encyclopedia of Bioethics</subfield></datafield><datafield ind1=' ' ind2=' ' tag='906'><subfield code='a'>BOOK</subfield></datafield><datafield ind1=' ' ind2=' ' tag='ADM'><subfield code='b'>2018-04-05 04:28:09</subfield><subfield code='e'>993340000000002406</subfield><subfield code='d'>NON_SFX</subfield><subfield code='f'>20160813130136.0</subfield><subfield code='a'>2014-08-10 00:12:22</subfield><subfield code='c'>false</subfield></datafield><datafield ind1=' ' ind2=' ' tag='PRT'><subfield code='a'>53364327780003811</subfield><subfield code='b'>https://sandbox01-na.alma.exlibrisgroup.com/view/uresolver/01TULI_INST/openurl?u.ignore_date_coverage=true&amp;rft.mms_id=991036795629203811</subfield><subfield code='e'>Galegroup</subfield><subfield code='9'>Not Available</subfield><subfield code='c'>Gale Cengage Virtual Reference Library</subfield><subfield code='h'>611000000000000731</subfield><subfield code='8'>53364327780003811</subfield></datafield><datafield ind1=' ' ind2=' ' tag='PRT'><subfield code='a'>53414369310003811</subfield><subfield code='b'>https://sandbox01-na.alma.exlibrisgroup.com/view/uresolver/01TULI_INST/openurl?u.ignore_date_coverage=true&amp;rft.mms_id=991036795629203811</subfield><subfield code='e'>Galegroup</subfield><subfield code='9'>Available</subfield><subfield code='c'>Global Issues In Context</subfield><subfield code='h'>613790000000001664</subfield><subfield code='8'>53414369310003811</subfield></datafield></record>