
<record xmlns='http://www.loc.gov/MARC21/slim'><leader>04617nam a22004575i 4500</leader><controlfield tag='001'>991036801355403811</controlfield><controlfield tag='005'>20170919050643.0</controlfield><controlfield tag='006'>m     o  d |      </controlfield><controlfield tag='007'>cr -n---------</controlfield><controlfield tag='008'>151103s2016    gw |    o    |||| 0|eng d</controlfield><datafield ind1=' ' ind2=' ' tag='020'><subfield code='a'>3-319-22059-4</subfield></datafield><datafield ind1='7' ind2=' ' tag='024'><subfield code='a'>10.1007/978-3-319-22059-8</subfield><subfield code='2'>doi</subfield></datafield><datafield ind1=' ' ind2=' ' tag='035'><subfield code='a'>(CKB)3710000000492466</subfield></datafield><datafield ind1=' ' ind2=' ' tag='035'><subfield code='a'>(EBL)4178454</subfield></datafield><datafield ind1=' ' ind2=' ' tag='035'><subfield code='a'>(DE-He213)978-3-319-22059-8</subfield></datafield><datafield ind1=' ' ind2=' ' tag='035'><subfield code='a'>(MiAaPQ)EBC4178454</subfield></datafield><datafield ind1=' ' ind2=' ' tag='035'><subfield code='a'>(EXLCZ)993710000000492466</subfield></datafield><datafield ind1=' ' ind2=' ' tag='040'><subfield code='a'>MiAaPQ</subfield><subfield code='b'>eng</subfield><subfield code='e'>rda</subfield><subfield code='e'>pn</subfield><subfield code='c'>MiAaPQ</subfield><subfield code='d'>MiAaPQ</subfield></datafield><datafield ind1=' ' ind2='4' tag='050'><subfield code='a'>LB1024.2-1050.75</subfield></datafield><datafield ind1=' ' ind2='4' tag='050'><subfield code='a'>LB1705-2286</subfield></datafield><datafield ind1=' ' ind2='7' tag='072'><subfield code='a'>JNMT</subfield><subfield code='2'>bicssc</subfield></datafield><datafield ind1=' ' ind2='7' tag='072'><subfield code='a'>EDU046000</subfield><subfield code='2'>bisacsh</subfield></datafield><datafield ind1=' ' ind2='7' tag='072'><subfield code='a'>EDU024000</subfield><subfield code='2'>bisacsh</subfield></datafield><datafield ind1='0' ind2='0' tag='082'><subfield code='a'>370</subfield></datafield><datafield ind1='1' ind2=' ' tag='100'><subfield code='a'>Lampert, Jo.</subfield></datafield><datafield ind1='1' ind2='0' tag='245'><subfield code='a'>Teacher Education for High Poverty Schools</subfield><subfield code='h'>[electronic resource] /</subfield><subfield code='c'>edited by Jo Lampert, Bruce Burnett.</subfield></datafield><datafield ind1=' ' ind2='1' tag='264'><subfield code='a'>Cham :</subfield><subfield code='b'>Springer International Publishing :</subfield><subfield code='b'>Imprint: Springer,</subfield><subfield code='c'>2016.</subfield></datafield><datafield ind1=' ' ind2=' ' tag='300'><subfield code='a'>1 online resource (257 p.)</subfield></datafield><datafield ind1=' ' ind2=' ' tag='336'><subfield code='a'>text</subfield><subfield code='b'>txt</subfield><subfield code='2'>rdacontent</subfield></datafield><datafield ind1=' ' ind2=' ' tag='337'><subfield code='a'>computer</subfield><subfield code='b'>c</subfield><subfield code='2'>rdamedia</subfield></datafield><datafield ind1=' ' ind2=' ' tag='338'><subfield code='a'>online resource</subfield><subfield code='b'>cr</subfield><subfield code='2'>rdacarrier</subfield></datafield><datafield ind1=' ' ind2=' ' tag='347'><subfield code='a'>text file</subfield><subfield code='b'>PDF</subfield><subfield code='2'>rda</subfield></datafield><datafield ind1='1' ind2=' ' tag='490'><subfield code='a'>Education, Equity, Economy,</subfield><subfield code='x'>2364-835X ;</subfield><subfield code='v'>2</subfield></datafield><datafield ind1=' ' ind2=' ' tag='500'><subfield code='a'>Description based upon print version of record.</subfield></datafield><datafield ind1=' ' ind2=' ' tag='504'><subfield code='a'>Includes bibliographical references at the end of each chapters.</subfield></datafield><datafield ind1=' ' ind2=' ' tag='588'><subfield code='a'>Description based on print version record.</subfield></datafield><datafield ind1='0' ind2=' ' tag='505'><subfield code='a'>Introduction by Jo Lampert and Bruce Burnett -- Preparing Teachers for Diversity and High-Poverty Schools: A Research-based Perspective By Marilyn Cochran-Smith and Ana Maria Villegas -- “American Hunger”: Challenging Epistemic Injustice through Collaborative Teacher Inquiry by Gerald Campano, María Paula Ghiso, Robert LeBlanc, and Lenny Sánchez -- Difficult Dialogues about Race and Poverty in Teacher Preparation by Tyrone C. Howard and Andrea Rodriguez-Scheel -- Teacher Education for High-Poverty Schools in Australia: The National Exceptional Teachers for Disadvantaged Schools Program by Bruce Burnett and Jo Lampert -- More Aboriginal and Torres Strait Islander Teachers for Australian High-Needs Schools by Kaye Price -- Teacher Professional Development in a Complex and Changing World: Lessons Learned From Model Teacher Education Programs in Transnational Contexts by Arnetha F. Ball -- You Teach Who You Are: The Experiences and Pedagogies of Literacy/English Teacher Educators Who Have a Critical Stance by Clare Kosnik, Pooja Dharamshi, Lydia Menna, Cathy Miyata, and Yiola Cleovoulou -- Poverty, Schooling, and Beginning Teachers Who Make a Difference: A Case Study From England by Joanna McIntyre and Pat Thomson -- Preparing Teachers for Social Justice in the Context of Education Policies that Deepen Class Segregation in Schools: The Case of Chile by Christine Sleeter, Carmen Montecinos, and Felipe Jiménez -- Literacy Teacher Research in High-Poverty Schools: Why it Matters by Barbara Comber and Annette Woods -- Teachers’ Work in High-Poverty Contexts: Curating Repertoires of Pedagogical Practice by Deb Hayes -- Learning to Teach in the Park: The York University Regent Park Initiative by Alison Griffith and Sherri Gilbert -- “Just Don’t Get Up There and ‘Dangerous Minds’ Us”: Taking an Inquiry Stance on Adolescents’ Literacy Practices in Urban Teacher Education by Rob Simon.</subfield></datafield><datafield ind1=' ' ind2=' ' tag='520'><subfield code='a'>This volume captures the innovative, theory-based, and grounded work being done by established scholars who are interrogating how teacher education can prepare teachers to work in challenging and diverse high-poverty settings. It offers articles from the US, Australia, Canada, the UK and Chile by some of the most significant scholars in the field.   Internationally, research suggests that effective teachers for high poverty schools require deep theoretical understanding as well as the capacity to function across three well-substantiated areas: deep content knowledge, well-tuned pedagogical skills, and demonstrated attributes that prove their understanding and commitment to social justice. Schools in low socioeconomic communities need quality teachers most, however, they are often staffed by the least experienced and least prepared teachers.  The chapters in this volume examine how pre-service teachers are taught to understand the social contexts of education. Drawing on the individual expertise of the authors, the topics covered include unpacking poverty for pre-service teachers, issues related to urban schooling as well as remote and regional area schooling.</subfield></datafield><datafield ind1=' ' ind2='0' tag='650'><subfield code='a'>Teachers</subfield><subfield code='x'>Training of.</subfield></datafield><datafield ind1=' ' ind2='0' tag='650'><subfield code='a'>Low-income students.</subfield></datafield><datafield ind1=' ' ind2='0' tag='650'><subfield code='a'>Academic achievement.</subfield></datafield><datafield ind1=' ' ind2='4' tag='655'><subfield code='a'>Electronic books.</subfield></datafield><datafield ind1=' ' ind2=' ' tag='776'><subfield code='z'>3-319-22058-6</subfield></datafield><datafield ind1='1' ind2=' ' tag='700'><subfield code='a'>Lampert, Jo.</subfield><subfield code='e'>editor.</subfield></datafield><datafield ind1='1' ind2=' ' tag='700'><subfield code='a'>Burnett, Bruce.</subfield><subfield code='e'>editor.</subfield></datafield><datafield ind1=' ' ind2='0' tag='830'><subfield code='a'>Education, Equity, Economy,</subfield><subfield code='x'>2364-835X ;</subfield><subfield code='v'>2</subfield></datafield><datafield ind1=' ' ind2=' ' tag='906'><subfield code='a'>BOOK</subfield></datafield><datafield ind1=' ' ind2=' ' tag='ADM'><subfield code='b'>2018-02-23 05:34:59</subfield><subfield code='e'>993710000000492466</subfield><subfield code='d'>NON_SFX</subfield><subfield code='f'>20151103125932.0</subfield><subfield code='a'>2015-10-31 17:37:03</subfield><subfield code='c'>false</subfield></datafield><datafield ind1=' ' ind2=' ' tag='PRT'><subfield code='a'>53366785290003811</subfield><subfield code='b'>https://sandbox01-na.alma.exlibrisgroup.com/view/uresolver/01TULI_INST/openurl?u.ignore_date_coverage=true&amp;rft.mms_id=991036801355403811</subfield><subfield code='e'>Springer Link</subfield><subfield code='9'>Available</subfield><subfield code='c'>SpringerLink Books Complete</subfield><subfield code='h'>611000000000001381</subfield><subfield code='8'>53366785290003811</subfield></datafield></record>