
<record xmlns='http://www.loc.gov/MARC21/slim'><leader>02941cam a2200469 i 4500</leader><controlfield tag='005'>20180315165736.0</controlfield><controlfield tag='008'>140731s2014    mdua     b    001 0 eng  </controlfield><controlfield tag='001'>991007074899703811</controlfield><datafield ind1=' ' ind2=' ' tag='010'><subfield code='a'>2014026734</subfield></datafield><datafield ind1=' ' ind2=' ' tag='020'><subfield code='a'>9780739193693</subfield><subfield code='q'>cloth</subfield><subfield code='q'>alk. paper</subfield></datafield><datafield ind1=' ' ind2=' ' tag='020'><subfield code='a'>0739193694</subfield><subfield code='q'>cloth</subfield><subfield code='q'>alk. paper</subfield></datafield><datafield ind1=' ' ind2=' ' tag='020'><subfield code='z'>9780739193709</subfield><subfield code='q'>electronic</subfield></datafield><datafield ind1=' ' ind2=' ' tag='035'><subfield code='a'>(PPT)b57189110-01tuli_inst</subfield></datafield><datafield ind1=' ' ind2=' ' tag='035'><subfield code='a'>(OCoLC)ocn904583350</subfield><subfield code='9'>ExL</subfield></datafield><datafield ind1=' ' ind2=' ' tag='035'><subfield code='a'>(OCoLC)883649673</subfield><subfield code='z'>(OCoLC)883647007</subfield></datafield><datafield ind1=' ' ind2=' ' tag='035'><subfield code='a'>ocn883649673</subfield></datafield><datafield ind1=' ' ind2=' ' tag='035'><subfield code='a'>(OCLC)ocn883649673</subfield></datafield><datafield ind1=' ' ind2=' ' tag='040'><subfield code='a'>DLC</subfield><subfield code='b'>eng</subfield><subfield code='e'>rda</subfield><subfield code='c'>DLC</subfield><subfield code='d'>YDX</subfield><subfield code='d'>BTCTA</subfield><subfield code='d'>UKMGB</subfield><subfield code='d'>YDXCP</subfield><subfield code='d'>OCLCQ</subfield><subfield code='d'>SDB</subfield><subfield code='d'>VGM</subfield><subfield code='d'>BDX</subfield></datafield><datafield ind1=' ' ind2=' ' tag='079'><subfield code='a'>ocn883649673</subfield></datafield><datafield ind1=' ' ind2=' ' tag='090'><subfield code='a'>HD5706</subfield><subfield code='b'>.L2174 2014</subfield></datafield><datafield ind1='0' ind2='0' tag='245'><subfield code='a'>Labor and global justice :</subfield><subfield code='b'>essays on the ethics of labor practices under globalization /</subfield><subfield code='c'>edited by Mary C. Rawlinson, Wim Vandekerckhove, Ronald M.S. Commers, and Tim R. Johnston ; foreword by Edward S. Casey.</subfield></datafield><datafield ind1=' ' ind2='1' tag='264'><subfield code='a'>Lanham ;</subfield><subfield code='a'>Boulder ;</subfield><subfield code='a'>New York ;</subfield><subfield code='a'>London :</subfield><subfield code='b'>Lexington Books,</subfield><subfield code='c'>[2014]</subfield></datafield><datafield ind1=' ' ind2=' ' tag='300'><subfield code='a'>ix, 222 pages :</subfield><subfield code='b'>illustrations ;</subfield><subfield code='c'>24 cm</subfield></datafield><datafield ind1=' ' ind2=' ' tag='336'><subfield code='a'>text</subfield><subfield code='b'>txt</subfield><subfield code='2'>rdacontent</subfield></datafield><datafield ind1=' ' ind2=' ' tag='337'><subfield code='a'>unmediated</subfield><subfield code='b'>n</subfield><subfield code='2'>rdamedia</subfield></datafield><datafield ind1=' ' ind2=' ' tag='338'><subfield code='a'>volume</subfield><subfield code='b'>nc</subfield><subfield code='2'>rdacarrier</subfield></datafield><datafield ind1=' ' ind2=' ' tag='504'><subfield code='a'>Includes bibliographical references and index.</subfield></datafield><datafield ind1='0' ind2=' ' tag='505'><subfield code='a'>Putting labor on the global justice agenda: the juggernaut of capital accumulation and the global assault on labor standards / Ronald M.S. Commers -- Meaningful work: labor, gender, and justice after globalization / Mary C. Rawlinson -- Laboring with others / Franc Rottiers -- Trade unionism and theories of global justice / John Pearson -- The collapse of state socialism in the &apos;Soviet Bloc&apos; and global labor migration / József Böröcz -- Labor migration and justice: an analysis of the labor migration policy of the European Union / Patrick Loobuyck -- Justice for the &quot;other&quot; caregivers: addressing the epistemic dimension of injustice / Zahra Meghani -- Hidden data, hidden victims: trafficking in the context of globalization and labor exploitation: the case of Vietnam / Ramona Vijeyarasa -- Resistance to work and at the workplace: a blind spot for French sociology of work? / Stephen Bouquin -- Global justice norms versus interest representation? British unions and international solidarity / Charles Umney --  Strike, protest, occupy, and vote: austerity politics and resistance to neoliberal social engineering in Greece / Lefteris Kretsos.</subfield></datafield><datafield ind1=' ' ind2='0' tag='650'><subfield code='a'>Labor and globalization</subfield><subfield code='x'>Moral and ethical aspects.</subfield></datafield><datafield ind1=' ' ind2='0' tag='650'><subfield code='a'>Labor market</subfield><subfield code='x'>Moral and ethical aspects.</subfield></datafield><datafield ind1=' ' ind2='0' tag='650'><subfield code='a'>Employee rights.</subfield></datafield><datafield ind1=' ' ind2='0' tag='650'><subfield code='a'>Social justice.</subfield></datafield><datafield ind1=' ' ind2='0' tag='650'><subfield code='a'>Industrial relations.</subfield></datafield><datafield ind1='1' ind2=' ' tag='700'><subfield code='a'>Rawlinson, Mary C.,</subfield><subfield code='e'>editor.</subfield></datafield><datafield ind1='1' ind2=' ' tag='700'><subfield code='a'>Vandekerckhove, Wim,</subfield><subfield code='e'>editor.</subfield></datafield><datafield ind1='1' ind2=' ' tag='700'><subfield code='a'>Commers, Ronald,</subfield><subfield code='e'>editor.</subfield></datafield><datafield ind1='1' ind2=' ' tag='700'><subfield code='a'>Johnston, Tim R.,</subfield><subfield code='e'>editor.</subfield></datafield><datafield ind1=' ' ind2=' ' tag='907'><subfield code='a'>.b57189110</subfield><subfield code='b'>p    </subfield><subfield code='c'>-</subfield></datafield><datafield ind1=' ' ind2=' ' tag='945'><subfield code='l'>pstk </subfield><subfield code='g'>1</subfield></datafield><datafield ind1=' ' ind2=' ' tag='979'><subfield code='a'>ocn883649673</subfield></datafield><datafield ind1=' ' ind2=' ' tag='998'><subfield code='b'>1</subfield><subfield code='c'>150223</subfield><subfield code='d'>m</subfield><subfield code='e'>a</subfield><subfield code='f'>-</subfield><subfield code='g'>0</subfield></datafield><datafield ind1=' ' ind2=' ' tag='998'><subfield code='b'>1</subfield><subfield code='c'>150223</subfield><subfield code='d'>m</subfield><subfield code='e'>a</subfield><subfield code='f'>-</subfield><subfield code='g'>0</subfield></datafield><datafield ind1=' ' ind2=' ' tag='ADM'><subfield code='b'>2018-03-15 20:57:36</subfield><subfield code='e'>b57189110-01tuli_inst</subfield><subfield code='d'>ILS</subfield><subfield code='a'>2017-06-20 06:47:38</subfield><subfield code='c'>false</subfield></datafield><datafield ind1='0' ind2=' ' tag='HLD'><subfield code='b'>MAIN</subfield><subfield code='c'>stacks</subfield><subfield code='h'>HD5706</subfield><subfield code='i'>.L2174 2014</subfield><subfield code='8'>22254716770003811</subfield></datafield><datafield ind1=' ' ind2=' ' tag='ITM'><subfield code='r'>22254716770003811</subfield><subfield code='b'>1</subfield><subfield code='h'>0</subfield><subfield code='g'>stacks</subfield><subfield code='t'>BOOK</subfield><subfield code='9'>39074028742450</subfield><subfield code='e'>stacks</subfield><subfield code='8'>23254716760003811</subfield><subfield code='a'>0</subfield><subfield code='q'>2017-06-20 06:47:38</subfield><subfield code='i'>HD5706 .L2174 2014</subfield><subfield code='d'>MAIN</subfield><subfield code='f'>MAIN</subfield></datafield></record>