
<record xmlns='http://www.loc.gov/MARC21/slim'><leader>04180cam a22005057i 4500</leader><controlfield tag='005'>20180514095559.0</controlfield><controlfield tag='008'>150727s2016    enka     b    001 0 eng d</controlfield><controlfield tag='001'>991036865391703811</controlfield><datafield ind1=' ' ind2=' ' tag='010'><subfield code='a'>  2015947707</subfield></datafield><datafield ind1=' ' ind2=' ' tag='020'><subfield code='a'>019871324X</subfield><subfield code='q'>(Volume 1)</subfield></datafield><datafield ind1=' ' ind2=' ' tag='020'><subfield code='a'>9780198713241</subfield><subfield code='q'>(Volume 1)</subfield></datafield><datafield ind1=' ' ind2=' ' tag='020'><subfield code='a'>9780198766186</subfield><subfield code='q'>(set)</subfield></datafield><datafield ind1=' ' ind2=' ' tag='020'><subfield code='a'>0198766181</subfield><subfield code='q'>(set)</subfield></datafield><datafield ind1=' ' ind2=' ' tag='020'><subfield code='a'>9780198766179</subfield><subfield code='q'>(Volume 2)</subfield></datafield><datafield ind1=' ' ind2=' ' tag='020'><subfield code='a'>0198766173</subfield><subfield code='q'>(Volume 2)</subfield></datafield><datafield ind1=' ' ind2=' ' tag='035'><subfield code='a'>(OCoLC)920852417</subfield></datafield><datafield ind1=' ' ind2=' ' tag='040'><subfield code='a'>YDXCP</subfield><subfield code='b'>eng</subfield><subfield code='e'>rda</subfield><subfield code='c'>DLC</subfield><subfield code='d'>YDXCP</subfield><subfield code='d'>CDX</subfield><subfield code='d'>BDX</subfield><subfield code='d'>UCILW</subfield><subfield code='d'>WVU</subfield><subfield code='d'>IUL</subfield><subfield code='d'>HTM</subfield><subfield code='d'>OCLCQ</subfield><subfield code='d'>QGE</subfield><subfield code='d'>ONB</subfield><subfield code='d'>OCLCQ</subfield></datafield><datafield ind1=' ' ind2=' ' tag='042'><subfield code='a'>lccopycat</subfield></datafield><datafield ind1='0' ind2='0' tag='050'><subfield code='a'>BF323.S8</subfield><subfield code='b'>I47 2016</subfield></datafield><datafield ind1='0' ind2='4' tag='082'><subfield code='a'>153.7/36</subfield><subfield code='2'>23</subfield></datafield><datafield ind1=' ' ind2=' ' tag='090'><subfield code='a'>BF323.S8</subfield><subfield code='b'>I5 2016</subfield></datafield><datafield ind1='0' ind2='0' tag='245'><subfield code='a'>Implicit bias and philosophy /</subfield><subfield code='c'>edited by Michael Brownstein and Jennifer Saul.</subfield></datafield><datafield ind1='1' ind2='8' tag='246'><subfield code='a'>Implicit bias &amp; philosophy</subfield></datafield><datafield ind1=' ' ind2=' ' tag='250'><subfield code='a'>First edition.</subfield></datafield><datafield ind1=' ' ind2='1' tag='264'><subfield code='a'>Oxford, United Kingdom :</subfield><subfield code='b'>Oxford University Press,</subfield><subfield code='c'>2016.</subfield></datafield><datafield ind1=' ' ind2=' ' tag='300'><subfield code='a'>2 volumes :</subfield><subfield code='b'>illustrations ;</subfield><subfield code='c'>25 cm</subfield></datafield><datafield ind1=' ' ind2=' ' tag='336'><subfield code='a'>text</subfield><subfield code='b'>txt</subfield><subfield code='2'>rdacontent</subfield></datafield><datafield ind1=' ' ind2=' ' tag='337'><subfield code='a'>unmediated</subfield><subfield code='b'>n</subfield><subfield code='2'>rdamedia</subfield></datafield><datafield ind1=' ' ind2=' ' tag='338'><subfield code='a'>volume</subfield><subfield code='b'>nc</subfield><subfield code='2'>rdacarrier</subfield></datafield><datafield ind1='0' ind2=' ' tag='505'><subfield code='a'>Volume 1. Metaphysics and epistemology -- Volume 2. Moral responsibility, structural injustice, and ethics.</subfield></datafield><datafield ind1=' ' ind2=' ' tag='504'><subfield code='a'>Includes bibliographical references and indexes.</subfield></datafield><datafield ind1=' ' ind2=' ' tag='520'><subfield code='a'>Publisher Description (unedited publisher data) Implicit Bias and Philosophy brings the work of leading philosophers and psychologists together to explore core areas of psychological research on implicit (or unconscious) bias, as well as the ramifications of implicit bias for core areas of philosophy. Volume I: Metaphysics and Epistemology is comprised of two sections: &apos;The Nature of Implicit Attitudes, Implicit Bias, and Stereotype Threat,&apos; and &apos;Skepticism, Social Knowledge, and Rationality.&apos; The first section contains chapters examining the relationship between implicit attitudes and &apos;dual process&apos; models of the mind; the role of affect in the formation and change of implicit associations; the unity (or disunity) of implicit attitudes; whether implicit biases are mental states at all; and whether performances on stereotype-relevant tasks are automatic and unconscious or intentional and strategic. The second section contains chapters examining implicit bias and skepticism; the effects of implicit bias on scientific research; the accessibility of social stereotypes in epistemic environments; the effects of implicit bias on the self-perception of members of stigmatized social groups as rational agents; the role of gender stereotypes in philosophy; and the role of heuristics in biased reasoning. Volume 2: Moral Responsibility, Structural Injustice, and Ethics is comprised of three sections. &apos;Moral Responsibility for Implicit Bias&apos; contains chapters examining the relationship of implicit biases to concepts that are central to moral responsibility, including control, awareness, reasons-responsiveness, and alienation. The chapters in the second section--&apos;Structural Injustice&apos;--explore the connections between the implicit biases held by individuals and the structural injustices of the societies in which they are situated. And finally, the third section--&apos;The Ethics of Implicit Bias: Theory and Practice&apos;--contains chapters examining strategies for implicit attitude change, the ramifications of research on implicit bias for philosophers working in ethics, and suggestions for combatting implicit biases in the fields of philosophy and law.</subfield></datafield><datafield ind1=' ' ind2='0' tag='650'><subfield code='a'>Prejudices.</subfield></datafield><datafield ind1=' ' ind2='0' tag='650'><subfield code='a'>Metaphysics.</subfield></datafield><datafield ind1=' ' ind2='0' tag='650'><subfield code='a'>Knowledge, Theory of.</subfield></datafield><datafield ind1=' ' ind2='0' tag='650'><subfield code='a'>Ethics.</subfield></datafield><datafield ind1=' ' ind2='0' tag='650'><subfield code='a'>Subliminal perception.</subfield></datafield><datafield ind1=' ' ind2='0' tag='650'><subfield code='a'>Discrimination</subfield><subfield code='x'>Philosophy.</subfield></datafield><datafield ind1='1' ind2=' ' tag='700'><subfield code='a'>Brownstein, Michael</subfield><subfield code='q'>(Michael S.),</subfield><subfield code='e'>editor.</subfield></datafield><datafield ind1='1' ind2=' ' tag='700'><subfield code='a'>Saul, Jennifer Mather,</subfield><subfield code='d'>1968-</subfield><subfield code='e'>editor.</subfield></datafield><datafield ind1='4' ind2='1' tag='856'><subfield code='3'>Table of contents</subfield><subfield code='u'>https://www.loc.gov/catdir/enhancements/fy1702/2015947707-t.html</subfield></datafield><datafield ind1='4' ind2='2' tag='856'><subfield code='3'>Contributor biographical information</subfield><subfield code='u'>https://www.loc.gov/catdir/enhancements/fy1702/2015947707-b.html</subfield></datafield><datafield ind1='4' ind2='2' tag='856'><subfield code='3'>Publisher description</subfield><subfield code='u'>https://www.loc.gov/catdir/enhancements/fy1702/2015947707-d.html</subfield></datafield><datafield ind1=' ' ind2=' ' tag='979'><subfield code='a'>(OCoLC)920852417</subfield></datafield><datafield ind1=' ' ind2=' ' tag='997'><subfield code='a'>20180430172458.0</subfield><subfield code='c'>YL</subfield><subfield code='d'>TEU</subfield><subfield code='s'>OCLC</subfield><subfield code='e'>MARCIVE</subfield><subfield code='e'>WCAT</subfield></datafield><datafield ind1='0' ind2=' ' tag='HLD'><subfield code='b'>MAIN</subfield><subfield code='c'>stacks</subfield><subfield code='h'>BF323.S8</subfield><subfield code='i'>I5 2016</subfield><subfield code='8'>22409387570003811</subfield></datafield><datafield ind1=' ' ind2=' ' tag='ITM'><subfield code='b'>1</subfield><subfield code='h'>0</subfield><subfield code='g'>stacks</subfield><subfield code='9'>39074026610287</subfield><subfield code='e'>stacks</subfield><subfield code='l'>0</subfield><subfield code='8'>23409387560003811</subfield><subfield code='j'>0</subfield><subfield code='c'>v.2</subfield><subfield code='a'>0</subfield><subfield code='q'>2018-01-25 20:41:31</subfield><subfield code='i'>BF323.S8 I5 2016</subfield><subfield code='d'>MAIN</subfield><subfield code='r'>2018-05-13 19:02:48</subfield><subfield code='f'>MAIN</subfield></datafield><datafield ind1=' ' ind2=' ' tag='ITM'><subfield code='b'>1</subfield><subfield code='h'>0</subfield><subfield code='g'>stacks</subfield><subfield code='9'>39074026610279</subfield><subfield code='e'>stacks</subfield><subfield code='l'>0</subfield><subfield code='8'>23409387590003811</subfield><subfield code='j'>0</subfield><subfield code='c'>v.1</subfield><subfield code='a'>0</subfield><subfield code='q'>2018-01-25 20:41:30</subfield><subfield code='i'>BF323.S8 I5 2016</subfield><subfield code='d'>MAIN</subfield><subfield code='r'>2018-05-13 19:02:52</subfield><subfield code='f'>MAIN</subfield></datafield></record>