
<record xmlns='http://www.loc.gov/MARC21/slim'><leader>03357nam a22005655i 4500</leader><controlfield tag='001'>991036901318003811</controlfield><controlfield tag='005'>20170926002939.0</controlfield><controlfield tag='006'>m     o  d |      </controlfield><controlfield tag='007'>cr nn 008mamaa</controlfield><controlfield tag='008'>170227s2017    gw |    o    |||| 0|eng d</controlfield><datafield ind1=' ' ind2=' ' tag='020'><subfield code='a'>3-319-46783-2</subfield></datafield><datafield ind1='7' ind2=' ' tag='024'><subfield code='a'>10.1007/978-3-319-46783-2</subfield><subfield code='2'>doi</subfield></datafield><datafield ind1=' ' ind2=' ' tag='035'><subfield code='a'>(CKB)3710000001080031</subfield></datafield><datafield ind1=' ' ind2=' ' tag='035'><subfield code='a'>(DE-He213)978-3-319-46783-2</subfield></datafield><datafield ind1=' ' ind2=' ' tag='035'><subfield code='a'>(MiAaPQ)EBC4813303</subfield></datafield><datafield ind1=' ' ind2=' ' tag='035'><subfield code='a'>(EXLCZ)993710000001080031</subfield></datafield><datafield ind1=' ' ind2=' ' tag='040'><subfield code='a'>MiAaPQ</subfield><subfield code='b'>eng</subfield><subfield code='e'>rda</subfield><subfield code='e'>pn</subfield><subfield code='c'>MiAaPQ</subfield><subfield code='d'>MiAaPQ</subfield></datafield><datafield ind1=' ' ind2='4' tag='050'><subfield code='a'>LB1024.2-1050.75</subfield></datafield><datafield ind1=' ' ind2='4' tag='050'><subfield code='a'>LB1705-2286</subfield></datafield><datafield ind1=' ' ind2='7' tag='072'><subfield code='a'>JNMT</subfield><subfield code='2'>bicssc</subfield></datafield><datafield ind1=' ' ind2='7' tag='072'><subfield code='a'>EDU046000</subfield><subfield code='2'>bisacsh</subfield></datafield><datafield ind1=' ' ind2='7' tag='072'><subfield code='a'>EDU024000</subfield><subfield code='2'>bisacsh</subfield></datafield><datafield ind1='0' ind2='4' tag='082'><subfield code='a'>370.711</subfield><subfield code='2'>23</subfield></datafield><datafield ind1='1' ind2=' ' tag='100'><subfield code='a'>Blyth, Carmen.</subfield><subfield code='e'>author.</subfield></datafield><datafield ind1='1' ind2='0' tag='245'><subfield code='a'>International Schools, Teaching and Governance</subfield><subfield code='h'>[electronic resource] :</subfield><subfield code='b'>An Autoethnography of a Teacher in Conflict /</subfield><subfield code='c'>by Carmen Blyth.</subfield></datafield><datafield ind1=' ' ind2='1' tag='264'><subfield code='a'>Cham :</subfield><subfield code='b'>Springer International Publishing :</subfield><subfield code='b'>Imprint: Palgrave Macmillan,</subfield><subfield code='c'>2017.</subfield></datafield><datafield ind1=' ' ind2=' ' tag='300'><subfield code='a'>1 online resource (XXVII, 192 p.) </subfield></datafield><datafield ind1=' ' ind2=' ' tag='336'><subfield code='a'>text</subfield><subfield code='b'>txt</subfield><subfield code='2'>rdacontent</subfield></datafield><datafield ind1=' ' ind2=' ' tag='337'><subfield code='a'>computer</subfield><subfield code='b'>c</subfield><subfield code='2'>rdamedia</subfield></datafield><datafield ind1=' ' ind2=' ' tag='338'><subfield code='a'>online resource</subfield><subfield code='b'>cr</subfield><subfield code='2'>rdacarrier</subfield></datafield><datafield ind1=' ' ind2=' ' tag='347'><subfield code='a'>text file</subfield><subfield code='b'>PDF</subfield><subfield code='2'>rda</subfield></datafield><datafield ind1=' ' ind2=' ' tag='504'><subfield code='a'>Includes bibliographical references at the end of each chapters and index.</subfield></datafield><datafield ind1=' ' ind2=' ' tag='588'><subfield code='a'>Description based on print version record.</subfield></datafield><datafield ind1='0' ind2=' ' tag='505'><subfield code='a'>PART I. The Journey/al and Reflections -- Chapter 1. The Story from Start to Finish -- Chapter 2. Re-Theorising and Re-Problematizing Conflict from A Posthumanist Stance: Meaning, Truth, and Understanding in a Posthumanist World -- PART II: Dimensions of Conflict -- Chapter 3. The International School: Taking Stock of a World ‘Commodity’–Leadership and Management -- Chapter 3. The Apparatuses of Conflict -- Chapter 5. The Dark Side: Teacher Emotions and their Affect/Effect on Conflict -- Chapter 6. Concluding on a More Optimistic Note.</subfield></datafield><datafield ind1=' ' ind2=' ' tag='520'><subfield code='a'>This book examines how injustice based on social positioning is performed within the context of international schools. Drawing on the lived experiences of an international school teacher, it proposes and explores the notion that teachers, in being constituted and positioned as subordinate within the hierarchy that is the international school, leads to their being wronged on three counts: epistemically for being wrongfully mistrusted; ethically for being wrongfully excluded; and ontologically for being wrongfully positioned as a lesser human being. The book addresses the dearth of research currently available on conflict in international schools and how conflict between teachers and administrators is dealt with in and by such institutions. It will be valuable reading for students and teachers of education and sociology, and those interested in the workings of international schools.</subfield></datafield><datafield ind1=' ' ind2='0' tag='650'><subfield code='a'>International education.</subfield></datafield><datafield ind1=' ' ind2='4' tag='655'><subfield code='a'>Electronic books.</subfield></datafield><datafield ind1=' ' ind2=' ' tag='776'><subfield code='z'>3-319-46782-4</subfield></datafield><datafield ind1=' ' ind2=' ' tag='906'><subfield code='a'>BOOK</subfield></datafield><datafield ind1=' ' ind2=' ' tag='PRT'><subfield code='a'>53425834940003811</subfield><subfield code='b'>https://sandbox01-na.alma.exlibrisgroup.com/view/uresolver/01TULI_INST/openurl?u.ignore_date_coverage=true&amp;rft.mms_id=991036901318003811</subfield><subfield code='e'>Springer Link</subfield><subfield code='c'>SpringerLINK eBooks - English/International Collection (2017)</subfield><subfield code='h'>613810000000000404</subfield><subfield code='8'>53425834940003811</subfield></datafield></record>