
<record xmlns='http://www.loc.gov/MARC21/slim'><leader>00953nam  2200265Ia 4500</leader><controlfield tag='001'>991036856388403811</controlfield><controlfield tag='005'>20170816112622.0</controlfield><controlfield tag='006'>m     o  d |      </controlfield><controlfield tag='007'>cr -n---------</controlfield><controlfield tag='008'>120930s2012    ne      ob    001 0 eng d</controlfield><datafield ind1=' ' ind2=' ' tag='020'><subfield code='a'>1-283-61016-7</subfield></datafield><datafield ind1=' ' ind2=' ' tag='020'><subfield code='a'>9786613922618</subfield></datafield><datafield ind1=' ' ind2=' ' tag='020'><subfield code='a'>94-012-0840-9</subfield></datafield><datafield ind1=' ' ind2=' ' tag='035'><subfield code='a'>(CKB)2670000000255926</subfield></datafield><datafield ind1=' ' ind2=' ' tag='035'><subfield code='a'>(EBL)1032865</subfield></datafield><datafield ind1=' ' ind2=' ' tag='035'><subfield code='a'>(OCoLC)811574609</subfield></datafield><datafield ind1=' ' ind2=' ' tag='035'><subfield code='a'>(SSID)ssj0000738847</subfield></datafield><datafield ind1=' ' ind2=' ' tag='035'><subfield code='a'>(PQKBManifestationID)12304874</subfield></datafield><datafield ind1=' ' ind2=' ' tag='035'><subfield code='a'>(PQKBTitleCode)TC0000738847</subfield></datafield><datafield ind1=' ' ind2=' ' tag='035'><subfield code='a'>(PQKBWorkID)10671305</subfield></datafield><datafield ind1=' ' ind2=' ' tag='035'><subfield code='a'>(PQKB)11175278</subfield></datafield><datafield ind1=' ' ind2=' ' tag='035'><subfield code='a'>(MiAaPQ)EBC1032865</subfield></datafield><datafield ind1=' ' ind2=' ' tag='035'><subfield code='a'>(EXLCZ)992670000000255926</subfield></datafield><datafield ind1=' ' ind2=' ' tag='040'><subfield code='a'>MiAaPQ</subfield><subfield code='c'>MiAaPQ</subfield><subfield code='d'>MiAaPQ</subfield></datafield><datafield ind1=' ' ind2=' ' tag='041'><subfield code='a'>eng</subfield></datafield><datafield ind1=' ' ind2='4' tag='050'><subfield code='a'>GE42</subfield><subfield code='b'>.P73 2012</subfield></datafield><datafield ind1='0' ind2='0' tag='082'><subfield code='a'>144.3</subfield></datafield><datafield ind1='1' ind2=' ' tag='100'><subfield code='a'>McDonald, Hugh P.</subfield></datafield><datafield ind1='0' ind2='0' tag='245'><subfield code='a'>Pragmatism and environmentalism</subfield><subfield code='h'>[electronic resource] /</subfield><subfield code='c'>edited by Hugh P. McDonald.</subfield></datafield><datafield ind1=' ' ind2=' ' tag='260'><subfield code='a'>Amsterdam ;</subfield><subfield code='a'>New York :</subfield><subfield code='b'>Rodopi,</subfield><subfield code='c'>2012.</subfield></datafield><datafield ind1=' ' ind2=' ' tag='300'><subfield code='a'>1 online resource (256 p.)</subfield></datafield><datafield ind1=' ' ind2=' ' tag='336'><subfield code='a'>text</subfield><subfield code='b'>txt</subfield></datafield><datafield ind1=' ' ind2=' ' tag='337'><subfield code='a'>computer</subfield><subfield code='b'>c</subfield></datafield><datafield ind1=' ' ind2=' ' tag='338'><subfield code='a'>online resource</subfield><subfield code='b'>cr</subfield></datafield><datafield ind1='0' ind2=' ' tag='490'><subfield code='a'>Contemporary pragmatism ;</subfield><subfield code='v'>9/1</subfield></datafield><datafield ind1=' ' ind2=' ' tag='500'><subfield code='a'>Description based upon print version of record.</subfield></datafield><datafield ind1='0' ind2=' ' tag='505'><subfield code='a'>Cover; Title Page; Copyright Page; Table of Contents; Guest Editor&apos;s Introduction; A Jamesian Approach to Environmental Ethics; The Turn of the Skew: Environmental Philosophy andthe Ghost of William James; A Deweyan Response to J. Baird Callicott&apos;s Land Aesthetic; Environmental Pragmatism and Bioregionalism; Tasting the World: Environmental Aesthetics and Food as Art; Environmental Injustice in Africa; Environmental Pragmatism, Global Warming, and Climate Change; Philosophical Farming; Distributing Epistemic Authority: Refining Norton&apos;s PragmatistApproach to Environmental Decision-Making</subfield></datafield><datafield ind1='8' ind2=' ' tag='505'><subfield code='a'>Ecological Imagination in Moral Education, East and WestEcohumanities Pedagogy: An Experiment in Environmental Education through Radical Service-Learning</subfield></datafield><datafield ind1=' ' ind2=' ' tag='520'><subfield code='a'>The growing literature on Environmental Ethics has ballooned into a separate sub-field within philosophy, involving ethical studies concerning the value of other species, of ecosystems, and of the environment of all living things as a whole. Some consider Environmental Ethics to be a revolution in ethics which will completely change the human-centered orientation of morals and reorient it to include all species, ecosystems or the larger biosphere. This volume explores pragmatist approaches to ethics that can be used for environmental issues. Pragmatism may provide both a more defensible theory</subfield></datafield><datafield ind1=' ' ind2=' ' tag='546'><subfield code='a'>English</subfield></datafield><datafield ind1=' ' ind2=' ' tag='504'><subfield code='a'>Includes bibliographical references and index.</subfield></datafield><datafield ind1=' ' ind2='0' tag='650'><subfield code='a'>Environmental ethics.</subfield></datafield><datafield ind1=' ' ind2='0' tag='650'><subfield code='a'>Environmentalism</subfield><subfield code='x'>Philosophy.</subfield></datafield><datafield ind1=' ' ind2='4' tag='655'><subfield code='a'>Electronic books.</subfield></datafield><datafield ind1=' ' ind2=' ' tag='776'><subfield code='z'>90-420-3565-X</subfield></datafield><datafield ind1='1' ind2=' ' tag='700'><subfield code='a'>McDonald, H. P.</subfield><subfield code='q'>(Hugh P.)</subfield></datafield><datafield ind1=' ' ind2='0' tag='830'><subfield code='a'>Contemporary Pragmatism</subfield></datafield><datafield ind1=' ' ind2=' ' tag='906'><subfield code='a'>BOOK</subfield></datafield><datafield ind1=' ' ind2=' ' tag='ADM'><subfield code='b'>2017-12-18 22:01:34</subfield><subfield code='e'>2670000000255926</subfield><subfield code='d'>EBC</subfield><subfield code='a'>2012-10-21 07:18:18</subfield><subfield code='c'>false</subfield></datafield><datafield ind1=' ' ind2=' ' tag='PRT'><subfield code='a'>53406675020003811</subfield><subfield code='b'>https://sandbox01-na.alma.exlibrisgroup.com/view/uresolver/01TULI_INST/openurl?u.ignore_date_coverage=true&amp;rft.mms_id=991036856388403811</subfield><subfield code='e'>EBSCOhost</subfield><subfield code='9'>Available</subfield><subfield code='c'>eBook Religion Collection</subfield><subfield code='h'>613790000000001583</subfield><subfield code='8'>53406675020003811</subfield></datafield></record>