
<record xmlns='http://www.loc.gov/MARC21/slim'><leader>01117nam  2200301Ia 4500</leader><controlfield tag='001'>991036735277803811</controlfield><controlfield tag='005'>20170816111817.0</controlfield><controlfield tag='006'>m     o  d |      </controlfield><controlfield tag='007'>cr -n---------</controlfield><controlfield tag='008'>120229s2012    nju     ob    001 0 eng d</controlfield><datafield ind1=' ' ind2=' ' tag='010'><subfield code='z'>  2012002029</subfield></datafield><datafield ind1=' ' ind2=' ' tag='020'><subfield code='a'>1-280-59007-6</subfield></datafield><datafield ind1=' ' ind2=' ' tag='020'><subfield code='a'>9786613619907</subfield></datafield><datafield ind1=' ' ind2=' ' tag='020'><subfield code='a'>1-118-20606-1</subfield></datafield><datafield ind1=' ' ind2=' ' tag='035'><subfield code='a'>(CKB)2670000000148354</subfield></datafield><datafield ind1=' ' ind2=' ' tag='035'><subfield code='a'>(EBL)817854</subfield></datafield><datafield ind1=' ' ind2=' ' tag='035'><subfield code='a'>(OCoLC)777374767</subfield></datafield><datafield ind1=' ' ind2=' ' tag='035'><subfield code='a'>(MiAaPQ)EBC817854</subfield></datafield><datafield ind1=' ' ind2=' ' tag='035'><subfield code='a'>(EXLCZ)992670000000148354</subfield></datafield><datafield ind1=' ' ind2=' ' tag='040'><subfield code='a'>MiAaPQ</subfield><subfield code='c'>MiAaPQ</subfield><subfield code='d'>MiAaPQ</subfield></datafield><datafield ind1=' ' ind2='4' tag='050'><subfield code='a'>PN1992.77.G35</subfield><subfield code='b'>G36 2012</subfield></datafield><datafield ind1='0' ind2='0' tag='082'><subfield code='a'>791.45/72</subfield><subfield code='a'>791.4572</subfield></datafield><datafield ind1='1' ind2=' ' tag='100'><subfield code='a'>Irwin, William.</subfield></datafield><datafield ind1='0' ind2='0' tag='245'><subfield code='a'>Game of thrones and philosophy</subfield><subfield code='h'>[electronic resource] :</subfield><subfield code='b'>logic cuts deeper than swords /</subfield><subfield code='c'>edited by Henry Jacoby.</subfield></datafield><datafield ind1=' ' ind2=' ' tag='260'><subfield code='a'>Hoboken :</subfield><subfield code='b'>Wiley,</subfield><subfield code='c'>2012.</subfield></datafield><datafield ind1=' ' ind2=' ' tag='300'><subfield code='a'>1 online resource (322 p.)</subfield></datafield><datafield ind1='1' ind2=' ' tag='490'><subfield code='a'>The Blackwell philosophy and pop culture series ;</subfield><subfield code='v'>51</subfield></datafield><datafield ind1=' ' ind2=' ' tag='500'><subfield code='a'>Description based upon print version of record.</subfield></datafield><datafield ind1='0' ind2=' ' tag='505'><subfield code='a'>Game of Thrones and Philosophy: Logic Cuts Deeper than Swords; Contents; Foreword; A Raven from House Wiley: Editor&apos;s Note on Spoilers; Acknowledgments: How I Was Spared from Having to Take the Black; Introduction: So What if Winter Is Coming?; Part One: &quot;&quot;You Win or You Die&quot;&quot;; 1: Maester Hobbes Goes to King&apos;s Landing; 2: It Is a Great Crime to Lie to a King; 3: Playing the Game of Thrones: Some Lessons from Machiavelli; 4: The War in Westeros and Just War Theory; Part Two: &quot;&quot;The Things I do for Love&quot;&quot;; 5: Winter Is Coming!: The Bleak Quest for Happiness in Westeros</subfield></datafield><datafield ind1='8' ind2=' ' tag='505'><subfield code='a'>6: The Death of Lord Stark: The Perils of Idealism7: Lord Eddard Stark, Queen Cersei Lannister: Moral Judgments from Different Perspectives; 8: It Would Be a Mercy: Choosing Life or Death in Westeros and Beyond the Narrow Sea; Part Three: &quot;&quot;Winter is Coming&quot;&quot;; 9: Wargs, Wights, and Wolves That Are Dire: Mind and Metaphysics, Westeros Style; 10: Magic, Science, and Metaphysics in A Game of Thrones; 11: &quot;&quot;You Know Nothing, Jon Snow&quot;&quot;: Epistemic Humility Beyond the Wall; 12: &quot;&quot;Why Is the World So Full of Injustice?&quot;&quot;: Gods and the Problem of Evil</subfield></datafield><datafield ind1='8' ind2=' ' tag='505'><subfield code='a'>Part Four: &quot;&quot;The Man Who Passes the Sentence Should Swing the Sword&quot;&quot;13: Why Should Joffrey Be Moral If He Has Already Won the Game of Thrones?; 14: The Moral Luck of Tyrion Lannister; 15: Dany&apos;s Encounter with the Wild: Cultural Relativism in A Game of Thrones; 16: &quot;&quot;There Are No True Knights&quot;&quot;: The Injustice of Chivalry; Part Five: &quot;&quot;Stick Them with the Pointy End&quot;&quot;; 17: Fate, Freedom, and Authenticity in A Game of Thrones; 18: No One Dances the Water Dance; 19: The Things I Do For Love: Sex, Lies, and Game Theory</subfield></datafield><datafield ind1='8' ind2=' ' tag='505'><subfield code='a'>20: Stop the Madness!: Knowledge, Power, and Insanity in A Song of Ice and FireContributors: The Learned Lords and Ladies from beyond the Seven Kingdoms; Index: From the Archives at Oldtown</subfield></datafield><datafield ind1=' ' ind2=' ' tag='520'><subfield code='a'>An in-depth look at the philosophical issues behind HBO&apos;s Game of Thrones television series and the books that inspired it George R.R. Martin&apos;s New York Times bestselling epic fantasy book series, A Song of Ice and Fire, and the HBO television show adapted from it, have earned critical acclaim and inspired fanatic devotion. This book delves into the many philosophical questions that arise in this complex, character-driven series, including: Is it right for a &quot;&quot;good&quot;&quot; king to usurp the throne of a &quot;&quot;bad&quot;&quot; one and murder his family? How far should you go to protect your fa</subfield></datafield><datafield ind1=' ' ind2=' ' tag='504'><subfield code='a'>Includes bibliographical references and index.</subfield></datafield><datafield ind1=' ' ind2='0' tag='650'><subfield code='a'>Philosophy.</subfield></datafield><datafield ind1=' ' ind2='4' tag='655'><subfield code='a'>Electronic books.</subfield></datafield><datafield ind1='0' ind2='0' tag='630'><subfield code='a'>Game of thrones (Television program)</subfield></datafield><datafield ind1=' ' ind2=' ' tag='776'><subfield code='z'>1-118-16199-8</subfield></datafield><datafield ind1='1' ind2=' ' tag='700'><subfield code='a'>Jacoby, Henry Owen.</subfield></datafield><datafield ind1=' ' ind2='4' tag='830'><subfield code='a'>The Blackwell Philosophy and Pop Culture Series</subfield></datafield><datafield ind1=' ' ind2=' ' tag='906'><subfield code='a'>BOOK</subfield></datafield><datafield ind1=' ' ind2=' ' tag='PRT'><subfield code='a'>53424148790003811</subfield><subfield code='b'>https://sandbox01-na.alma.exlibrisgroup.com/view/uresolver/01TULI_INST/openurl?u.ignore_date_coverage=true&amp;rft.mms_id=991036735277803811</subfield><subfield code='e'>Ebook Central</subfield><subfield code='c'>Ebook Central College Complete</subfield><subfield code='h'>614330000000000032</subfield><subfield code='8'>53424148790003811</subfield></datafield><datafield ind1=' ' ind2=' ' tag='PRT'><subfield code='a'>53422049990003811</subfield><subfield code='b'>https://sandbox01-na.alma.exlibrisgroup.com/view/uresolver/01TULI_INST/openurl?u.ignore_date_coverage=true&amp;rft.mms_id=991036735277803811</subfield><subfield code='e'>Ebook Central</subfield><subfield code='c'>Ebook Central Academic Complete</subfield><subfield code='h'>614200000000000002</subfield><subfield code='8'>53422049990003811</subfield></datafield></record>