
<record xmlns='http://www.loc.gov/MARC21/slim'><leader>01477nam  2200373Ia 4500</leader><controlfield tag='001'>991036743294503811</controlfield><controlfield tag='005'>20170919024417.0</controlfield><controlfield tag='006'>m     o  d |      </controlfield><controlfield tag='007'>cr -n---------</controlfield><controlfield tag='008'>080522s2009    enka    ob    001 0 eng d</controlfield><datafield ind1=' ' ind2=' ' tag='010'><subfield code='z'>  2008022080</subfield></datafield><datafield ind1=' ' ind2=' ' tag='020'><subfield code='a'>1-282-05361-2</subfield></datafield><datafield ind1=' ' ind2=' ' tag='020'><subfield code='a'>9786612053610</subfield></datafield><datafield ind1=' ' ind2=' ' tag='020'><subfield code='a'>0-19-971760-5</subfield></datafield><datafield ind1=' ' ind2=' ' tag='035'><subfield code='a'>(CKB)2560000000299448</subfield></datafield><datafield ind1=' ' ind2=' ' tag='035'><subfield code='a'>(EBL)430365</subfield></datafield><datafield ind1=' ' ind2=' ' tag='035'><subfield code='a'>(OCoLC)466376790</subfield></datafield><datafield ind1=' ' ind2=' ' tag='035'><subfield code='a'>(SSID)ssj0000089553</subfield></datafield><datafield ind1=' ' ind2=' ' tag='035'><subfield code='a'>(PQKBManifestationID)11130430</subfield></datafield><datafield ind1=' ' ind2=' ' tag='035'><subfield code='a'>(PQKBTitleCode)TC0000089553</subfield></datafield><datafield ind1=' ' ind2=' ' tag='035'><subfield code='a'>(PQKBWorkID)10111346</subfield></datafield><datafield ind1=' ' ind2=' ' tag='035'><subfield code='a'>(PQKB)10303649</subfield></datafield><datafield ind1=' ' ind2=' ' tag='035'><subfield code='a'>(StDuBDS)EDZ0000073396</subfield></datafield><datafield ind1=' ' ind2=' ' tag='035'><subfield code='a'>(MiAaPQ)EBC430365</subfield></datafield><datafield ind1=' ' ind2=' ' tag='035'><subfield code='a'>(EXLCZ)992560000000299448</subfield></datafield><datafield ind1=' ' ind2=' ' tag='040'><subfield code='a'>MiAaPQ</subfield><subfield code='c'>MiAaPQ</subfield><subfield code='d'>MiAaPQ</subfield></datafield><datafield ind1=' ' ind2=' ' tag='041'><subfield code='a'>eng</subfield></datafield><datafield ind1=' ' ind2='4' tag='050'><subfield code='a'>JK275</subfield><subfield code='b'>.S568 2009</subfield></datafield><datafield ind1='0' ind2='0' tag='082'><subfield code='a'>320.97301</subfield></datafield><datafield ind1='1' ind2=' ' tag='100'><subfield code='a'>Jost, John T.</subfield></datafield><datafield ind1='0' ind2='0' tag='245'><subfield code='a'>Social and psychological bases of ideology and system justification</subfield><subfield code='h'>[electronic resource] /</subfield><subfield code='c'>edited by John T. Jost, Aaron C. Kay, Hulda Thorisdottir.</subfield></datafield><datafield ind1=' ' ind2=' ' tag='246'><subfield code='a'>Social and psychological bases of ideology and system justification : Series in Political Psychology</subfield></datafield><datafield ind1=' ' ind2=' ' tag='246'><subfield code='a'>Series in political psychology</subfield></datafield><datafield ind1=' ' ind2=' ' tag='260'><subfield code='a'>Oxford ;</subfield><subfield code='a'>New York :</subfield><subfield code='b'>Oxford University Press,</subfield><subfield code='c'>2009.</subfield></datafield><datafield ind1=' ' ind2=' ' tag='300'><subfield code='a'>1 online resource (548 p.)</subfield></datafield><datafield ind1=' ' ind2=' ' tag='336'><subfield code='a'>text</subfield><subfield code='b'>txt</subfield></datafield><datafield ind1=' ' ind2=' ' tag='337'><subfield code='a'>computer</subfield><subfield code='b'>c</subfield></datafield><datafield ind1=' ' ind2=' ' tag='338'><subfield code='a'>online resource</subfield><subfield code='b'>cr</subfield></datafield><datafield ind1='1' ind2=' ' tag='490'><subfield code='a'>Series in political psychology</subfield></datafield><datafield ind1=' ' ind2=' ' tag='500'><subfield code='a'>Description based upon print version of record.</subfield></datafield><datafield ind1='0' ind2=' ' tag='505'><subfield code='a'>Table of Contents; Foreword: Why Political Psychology Is Important; Contributors; I. INTRODUCTION; 1 On the Social and Psychological Bases of Ideology and System Justification; II. IDEOLOGY AND AUTOMATICITY; 2 American Moral Exceptionalism; 3 On the Automaticity of Nationalist Ideology: The Case of the USA; III. THE PSYCHOLOGICAL POWER OF THE STATUS QUO; 4 A Psychological Advantage for the Status Quo; 5 Belief in a Just World, Perceived Fairness, and Justification of the Status Quo; 6 Disentangling Reasons and Rationalizations: Exploring Perceived Fairness in Hypothetical Societies</subfield></datafield><datafield ind1='8' ind2=' ' tag='505'><subfield code='a'>7 A Contextual Analysis of the System Justification Motive and Its Societal ConsequencesIV. EPISTEMIC AND EXISTENTIAL MOTIVES; 8 The Social Psychology of Uncertainty Management and System Justification; 9 Political Ideology in the 21st Century: A Terror Management Perspective on Maintenance and Change of the Status Quo; 10 No Atheists in Foxholes: Motivated Reasoning and Religious Belief; V. PERSONALITY AND INDIVIDUAL DIFFERENCES; 11 Motivated Social Cognition and Ideology: Is Attention to Elite Discourse a Prerequisite for Epistemically Motivated Political Affinities?</subfield></datafield><datafield ind1='8' ind2=' ' tag='505'><subfield code='a'>12 A Dual Process Motivational Model of Ideological Attitudes and System Justification13 Statewide Differences in Personality Predict Voting Patterns in 1996-2004 U.S. Presidential Elections; VI. PERSPECTIVES ON JUSTICE AND MORALITY; 14 Procedural Justice and System-Justifying Motivations; 15 Planet of the Durkheimians, Where Community, Authority, and Sacredness Are Foundations of Morality; 16 Ideology of the Good Old Days: Exaggerated Perceptions of Moral Decline and Conservative Politics; VII. IMPLICATIONS FOR SELF, GROUP, AND SOCIETY</subfield></datafield><datafield ind1='8' ind2=' ' tag='505'><subfield code='a'>17 Group Status and Feelings of Personal Entitlement: The Roles of Social Comparison and System-Justifying Beliefs18 Ambivalent Sexism at Home and at Work: How Attitudes Toward Women in Relationships Foster Exclusion in the Public Sphere; 19 Acknowledging and Redressing Historical Injustices; 20 The Politics of Intergroup Attitudes; Name Index; A; B; C; D; E; F; G; H; I; J; K; L; M; N; O; P; Q; R; S; T; U; V; W; Y; Z; Subject Index; A; B; C; D; E; F; G; H; I; J; L; M; N; O; P; R; S; T; U; V; W</subfield></datafield><datafield ind1=' ' ind2=' ' tag='520'><subfield code='a'>This new volume on Social and Psychological Bases of Ideology and System Justification brings together several of the most prominent social and political psychologists who are responsible for the resurgence of interest in the study of ideology, broadly defined. Leading scientists and scholars from several related disciplines, including psychology, sociology, political science, law, and organizational behavior present their cutting-edge theorizing and research. Topics include the social, personality, cognitive and motivational antecedents and consequences of adopting liberal versus conservative</subfield></datafield><datafield ind1=' ' ind2=' ' tag='546'><subfield code='a'>English</subfield></datafield><datafield ind1=' ' ind2=' ' tag='588'><subfield code='a'>Description based on print version record.</subfield></datafield><datafield ind1=' ' ind2=' ' tag='504'><subfield code='a'>Includes bibliographical references and index.</subfield></datafield><datafield ind1=' ' ind2='0' tag='650'><subfield code='a'>Ideology</subfield><subfield code='x'>Political aspects</subfield><subfield code='z'>United States.</subfield></datafield><datafield ind1=' ' ind2='0' tag='650'><subfield code='a'>Political psychology.</subfield></datafield><datafield ind1=' ' ind2='0' tag='650'><subfield code='a'>Religion and politics</subfield><subfield code='z'>United States.</subfield></datafield><datafield ind1=' ' ind2='0' tag='650'><subfield code='a'>Political culture</subfield><subfield code='z'>United States.</subfield></datafield><datafield ind1=' ' ind2='0' tag='650'><subfield code='a'>Right and left (Political science)</subfield><subfield code='z'>United States.</subfield></datafield><datafield ind1=' ' ind2='0' tag='650'><subfield code='a'>Public opinion</subfield><subfield code='z'>United States.</subfield></datafield><datafield ind1=' ' ind2='4' tag='655'><subfield code='a'>Electronic books.</subfield></datafield><datafield ind1=' ' ind2='0' tag='651'><subfield code='a'>United States</subfield><subfield code='x'>Politics and government</subfield><subfield code='y'>2001-2009.</subfield></datafield><datafield ind1='1' ind2=' ' tag='700'><subfield code='a'>Jost, John T.</subfield></datafield><datafield ind1='1' ind2=' ' tag='700'><subfield code='a'>Kay, Aaron C.</subfield></datafield><datafield ind1='1' ind2=' ' tag='700'><subfield code='a'>Thorisdottir, Hulda.</subfield></datafield><datafield ind1=' ' ind2=' ' tag='776'><subfield code='z'>0-19-532091-3</subfield></datafield><datafield ind1=' ' ind2=' ' tag='776'><subfield code='z'>0-19-986954-5</subfield></datafield><datafield ind1=' ' ind2='0' tag='830'><subfield code='a'>Series in Political Psychology</subfield></datafield><datafield ind1=' ' ind2=' ' tag='906'><subfield code='a'>BOOK</subfield></datafield><datafield ind1=' ' ind2=' ' tag='PRT'><subfield code='a'>53420701530003811</subfield><subfield code='b'>https://sandbox01-na.alma.exlibrisgroup.com/view/uresolver/01TULI_INST/openurl?u.ignore_date_coverage=true&amp;rft.mms_id=991036743294503811</subfield><subfield code='e'>Ebook Central</subfield><subfield code='c'>Ebook Central Academic Complete</subfield><subfield code='h'>614200000000000002</subfield><subfield code='8'>53420701530003811</subfield></datafield><datafield ind1=' ' ind2=' ' tag='PRT'><subfield code='a'>53367173160003811</subfield><subfield code='b'>https://sandbox01-na.alma.exlibrisgroup.com/view/uresolver/01TULI_INST/openurl?u.ignore_date_coverage=true&amp;rft.mms_id=991036743294503811</subfield><subfield code='e'>Oxford Scholarship Online</subfield><subfield code='c'>Oxford Scholarship - Oxford University Press: Psychology</subfield><subfield code='h'>613720000000002207</subfield><subfield code='8'>53367173160003811</subfield></datafield></record>