
<record xmlns='http://www.loc.gov/MARC21/slim'><leader>01575nam  2200373 i 4500</leader><controlfield tag='001'>991036792197703811</controlfield><controlfield tag='005'>20170919193202.0</controlfield><controlfield tag='006'>m     o  d |      </controlfield><controlfield tag='007'>cr -n---------</controlfield><controlfield tag='008'>160713s2017    enk     ob    001 0 eng|d</controlfield><datafield ind1=' ' ind2=' ' tag='020'><subfield code='a'>1-118-86911-7</subfield></datafield><datafield ind1=' ' ind2=' ' tag='020'><subfield code='a'>1-118-86910-9</subfield></datafield><datafield ind1=' ' ind2=' ' tag='035'><subfield code='a'>(CKB)4330000000007337</subfield></datafield><datafield ind1=' ' ind2=' ' tag='035'><subfield code='a'>(EBL)4690017</subfield></datafield><datafield ind1=' ' ind2=' ' tag='035'><subfield code='a'>(MiAaPQ)EBC4690017</subfield></datafield><datafield ind1=' ' ind2=' ' tag='035'><subfield code='a'>(EXLCZ)994330000000007337</subfield></datafield><datafield ind1=' ' ind2=' ' tag='040'><subfield code='a'>MiAaPQ</subfield><subfield code='b'>eng</subfield><subfield code='e'>rda</subfield><subfield code='e'>pn</subfield><subfield code='c'>MiAaPQ</subfield><subfield code='d'>MiAaPQ</subfield></datafield><datafield ind1=' ' ind2='4' tag='050'><subfield code='a'>B831.3</subfield><subfield code='b'>.C66 2017</subfield></datafield><datafield ind1='0' ind2=' ' tag='082'><subfield code='a'>100</subfield><subfield code='2'>23</subfield></datafield><datafield ind1='1' ind2=' ' tag='100'><subfield code='a'>Lippert-Rasmussen, Kasper.</subfield></datafield><datafield ind1='0' ind2='2' tag='245'><subfield code='a'>A companion to applied philosophy /</subfield><subfield code='c'>edited by Kasper Lippert-Rasmussen, Kimberley Brownlee, and David Coady.</subfield></datafield><datafield ind1=' ' ind2='1' tag='264'><subfield code='a'>Chichester, UK ;</subfield><subfield code='a'>Hoboken, NJ :</subfield><subfield code='b'>John Wiley &amp; Sons,</subfield><subfield code='c'>2017.</subfield></datafield><datafield ind1=' ' ind2=' ' tag='300'><subfield code='a'>1 online resource (663 p.)</subfield></datafield><datafield ind1=' ' ind2=' ' tag='336'><subfield code='a'>text</subfield><subfield code='2'>rdacontent</subfield></datafield><datafield ind1=' ' ind2=' ' tag='337'><subfield code='a'>computer</subfield><subfield code='2'>rdamedia</subfield></datafield><datafield ind1=' ' ind2=' ' tag='338'><subfield code='a'>online resource</subfield><subfield code='2'>rdacarrier</subfield></datafield><datafield ind1='1' ind2=' ' tag='490'><subfield code='a'>Blackwell companions to philosophy ;</subfield><subfield code='v'>63</subfield></datafield><datafield ind1=' ' ind2=' ' tag='500'><subfield code='a'>Description based upon print version of record.</subfield></datafield><datafield ind1='0' ind2=' ' tag='505'><subfield code='a'>Title Page ; Copyright Page; Contents; Notes on&amp;#xA0;Contributors; Foreword; Acknowledgments; Part I Introductory Articles; Chapter 1 The Nature of Applied Philosophy; Introduction; The Relevance Conception; The Specificity Conception; The Practical Conception; The Activist Conception; The Methodology Conception; The Empirical Facts Conception; The Audience Conception; Conclusion; Acknowledgments; References; Further Reading; Chapter 2 The Methodology of Applied Philosophy ; Introduction: What Is Applied Philosophy?; The Top-Down Model ; Bottom-Up Models ; Thought Experiments; Expertise</subfield></datafield><datafield ind1='8' ind2=' ' tag='505'><subfield code='a'>Concluding ThoughtsReferences; Further Reading; Chapter 3 The Value of Applied Philosophy ; Differing Views and&amp;#xA0;Different Modes; Key Considerations and&amp;#xA0;Assumptions; Dual Points of&amp;#xA0;Reference; Challenges and&amp;#xA0;Tensions; How Should Applied Philosophy Be&amp;#xA0;Practically Relevant?; Concluding Remarks; Acknowledgments; References; Further Reading; Part II Epistemology; Chapter 4 Applied Epistemology ; Notes; References; Further Reading; Chapter 5 Gender and Feminist Epistemology ; Feminist Philosophy as&amp;#xA0;Activist: Doing Philosophy as&amp;#xA0;a&amp;#xA0;Feminist; Activist Feminist Epistemology: Changing Focus</subfield></datafield><datafield ind1='8' ind2=' ' tag='505'><subfield code='a'>Situated Knowers and&amp;#xA0;Feminist Standpoint EpistemologyFeminist Epistemologies of&amp;#xA0;Science; Redefining Objectivity; Testimonial Injustice, Ignorance, and&amp;#xA0;Attention to&amp;#xA0;Particulars; Conclusion; Acknowledgment; References; Further Reading; Chapter 6 The Epistemology of Deliberative Democracy ; Introduction; The Deliberative Conception of&amp;#xA0;Democracy; Instrumental Arguments for&amp;#xA0;Deliberative Democracy; Instrumental Arguments against Deliberative Democracy; Non-instrumental Arguments for Deliberative Democracy ; Non-instrumental Arguments against Deliberative Democracy ; Concluding Remarks</subfield></datafield><datafield ind1='8' ind2=' ' tag='505'><subfield code='a'>Chapter 7 Information Markets What Are Information Markets?; Information Markets and&amp;#xA0;Expertise; Some Problems (and Solutions); Information Markets and&amp;#xA0;Applied Social Epistemology:&amp;#xA0;Three&amp;#xA0;Applications; Conclusion; References; Further Reading; Chapter 8 Epistemology for (Real) People ; Normativity; Belief Theories and&amp;#xA0;Reasoning Theories; How to&amp;#xA0;Evaluate Reasoning; Diagnostic Reasoning; Consilience and&amp;#xA0;Mongrel Epistemology; Conclusion; References; Further Reading; Chapter 9 Are Conspiracy Theorists Epistemically Vicious? ; Introduction; Vice, Virtue, and&amp;#xA0;the&amp;#xA0;Intellect</subfield></datafield><datafield ind1='8' ind2=' ' tag='505'><subfield code='a'>Conspiracies, Elites, and&amp;#xA0;the&amp;#xA0;Open SocietyOn the Vices of Anti-Conspiracism ; Notes; References; Further Reading; Chapter 10 Experts in the Climate Change Debate ; Introduction; Expertise: Variations and&amp;#xA0;Equivocations; Trust (and Its Exploitation) in&amp;#xA0;Climate Debates; Climate Consensus and&amp;#xA0;Credibility; Going Forward; References; Further Reading; Chapter 11 Freedom of Expression, Diversity, and Truth ; Deliberation and&amp;#xA0;Diversity; Diversity and&amp;#xA0;the&amp;#xA0;Invisible Hand; Promoting Compliance with&amp;#xA0;the&amp;#xA0;Norms of&amp;#xA0;Deliberation; Concluding Remarks; Acknowledgment; References; Further Reading</subfield></datafield><datafield ind1='8' ind2=' ' tag='505'><subfield code='a'>Part III Metaphysics and&amp;#xA0;Philosophy of&amp;#xA0;Language</subfield></datafield><datafield ind1=' ' ind2=' ' tag='504'><subfield code='a'>Includes bibliographical references and index.</subfield></datafield><datafield ind1=' ' ind2=' ' tag='588'><subfield code='a'>Description based on print version record.</subfield></datafield><datafield ind1=' ' ind2='4' tag='655'><subfield code='a'>Electronic books.</subfield></datafield><datafield ind1=' ' ind2='0' tag='650'><subfield code='a'>Applied philosophy.</subfield></datafield><datafield ind1=' ' ind2=' ' tag='776'><subfield code='z'>1-118-86913-3</subfield></datafield><datafield ind1='1' ind2=' ' tag='700'><subfield code='a'>Lippert-Rasmussen, Kasper,</subfield><subfield code='d'>1964-</subfield><subfield code='e'>editor.</subfield></datafield><datafield ind1='1' ind2=' ' tag='700'><subfield code='a'>Brownlee, Kimberley,</subfield><subfield code='d'>1978-</subfield><subfield code='e'>editor.</subfield></datafield><datafield ind1='1' ind2=' ' tag='700'><subfield code='a'>Coady, David,</subfield><subfield code='d'>1965-</subfield><subfield code='e'>editor.</subfield></datafield><datafield ind1=' ' ind2='0' tag='830'><subfield code='a'>Blackwell Companions to Philosophy</subfield></datafield><datafield ind1=' ' ind2=' ' tag='906'><subfield code='a'>BOOK</subfield></datafield><datafield ind1=' ' ind2=' ' tag='ADM'><subfield code='b'>2017-12-01 09:58:54</subfield><subfield code='e'>994330000000007337</subfield><subfield code='d'>NON_SFX</subfield><subfield code='f'>20160926011038.0</subfield><subfield code='a'>2016-06-11 16:25:29</subfield><subfield code='c'>false</subfield></datafield><datafield ind1=' ' ind2=' ' tag='PRT'><subfield code='a'>53363168270003811</subfield><subfield code='b'>https://sandbox01-na.alma.exlibrisgroup.com/view/uresolver/01TULI_INST/openurl?u.ignore_date_coverage=true&amp;rft.mms_id=991036792197703811</subfield><subfield code='e'>Wiley Online Library</subfield><subfield code='9'>Available</subfield><subfield code='c'>Wiley Online Library UBCM all Online Books</subfield><subfield code='h'>613800000000000218</subfield><subfield code='8'>53363168270003811</subfield></datafield></record>