
<record xmlns='http://www.loc.gov/MARC21/slim'><leader>03684nam a22004695i 4500</leader><controlfield tag='001'>991036798116503811</controlfield><controlfield tag='005'>20180103232205.0</controlfield><controlfield tag='006'>m     o  d |      </controlfield><controlfield tag='007'>cr -n---------</controlfield><controlfield tag='008'>100301s2007    ne |    o    |||| 0|eng d</controlfield><datafield ind1=' ' ind2=' ' tag='010'><subfield code='z'>  2007295734</subfield></datafield><datafield ind1=' ' ind2=' ' tag='020'><subfield code='a'>1-280-65694-8</subfield></datafield><datafield ind1=' ' ind2=' ' tag='020'><subfield code='a'>9786610656943</subfield></datafield><datafield ind1=' ' ind2=' ' tag='020'><subfield code='a'>1-4020-5145-X</subfield></datafield><datafield ind1='7' ind2=' ' tag='024'><subfield code='a'>10.1007/1-4020-5145-X</subfield><subfield code='2'>doi</subfield></datafield><datafield ind1=' ' ind2=' ' tag='035'><subfield code='a'>(CKB)1000000000283172</subfield></datafield><datafield ind1=' ' ind2=' ' tag='035'><subfield code='a'>(EBL)323656</subfield></datafield><datafield ind1=' ' ind2=' ' tag='035'><subfield code='a'>(OCoLC)187312244</subfield></datafield><datafield ind1=' ' ind2=' ' tag='035'><subfield code='a'>(SSID)ssj0000164083</subfield></datafield><datafield ind1=' ' ind2=' ' tag='035'><subfield code='a'>(PQKBManifestationID)11162820</subfield></datafield><datafield ind1=' ' ind2=' ' tag='035'><subfield code='a'>(PQKBTitleCode)TC0000164083</subfield></datafield><datafield ind1=' ' ind2=' ' tag='035'><subfield code='a'>(PQKBWorkID)10140305</subfield></datafield><datafield ind1=' ' ind2=' ' tag='035'><subfield code='a'>(PQKB)10734891</subfield></datafield><datafield ind1=' ' ind2=' ' tag='035'><subfield code='a'>(DE-He213)978-1-4020-5145-6</subfield></datafield><datafield ind1=' ' ind2=' ' tag='035'><subfield code='a'>(MiAaPQ)EBC323656</subfield></datafield><datafield ind1=' ' ind2=' ' tag='035'><subfield code='a'>(EXLCZ)991000000000283172</subfield></datafield><datafield ind1=' ' ind2=' ' tag='040'><subfield code='a'>MiAaPQ</subfield><subfield code='c'>MiAaPQ</subfield><subfield code='d'>MiAaPQ</subfield></datafield><datafield ind1=' ' ind2=' ' tag='041'><subfield code='a'>eng</subfield></datafield><datafield ind1=' ' ind2='4' tag='050'><subfield code='a'>BL51</subfield></datafield><datafield ind1=' ' ind2='7' tag='072'><subfield code='a'>HRAB</subfield><subfield code='2'>bicssc</subfield></datafield><datafield ind1=' ' ind2='7' tag='072'><subfield code='a'>PHI022000</subfield><subfield code='2'>bisacsh</subfield></datafield><datafield ind1='0' ind2='0' tag='082'><subfield code='a'>214</subfield></datafield><datafield ind1='1' ind2=' ' tag='100'><subfield code='a'>Trakakis, Nick.</subfield><subfield code='e'>author.</subfield></datafield><datafield ind1='1' ind2='4' tag='245'><subfield code='a'>The God Beyond Belief</subfield><subfield code='h'>[electronic resource] :</subfield><subfield code='b'>In Defence of William Rowe&apos;S Evidential Argument from Evil /</subfield><subfield code='c'>by Nick Trakakis.</subfield></datafield><datafield ind1=' ' ind2='1' tag='264'><subfield code='a'>Dordrecht :</subfield><subfield code='b'>Springer Netherlands,</subfield><subfield code='c'>2007.</subfield></datafield><datafield ind1=' ' ind2=' ' tag='300'><subfield code='a'>1 online resource (388 p.)</subfield></datafield><datafield ind1=' ' ind2=' ' tag='336'><subfield code='a'>text</subfield><subfield code='b'>txt</subfield></datafield><datafield ind1=' ' ind2=' ' tag='337'><subfield code='a'>computer</subfield><subfield code='b'>c</subfield></datafield><datafield ind1=' ' ind2=' ' tag='338'><subfield code='a'>online resource</subfield><subfield code='b'>cr</subfield></datafield><datafield ind1=' ' ind2=' ' tag='347'><subfield code='a'>text file</subfield><subfield code='b'>PDF</subfield><subfield code='2'>rda</subfield></datafield><datafield ind1='1' ind2=' ' tag='490'><subfield code='a'>Studies in Philosophy and Religion ;</subfield><subfield code='v'>27</subfield></datafield><datafield ind1=' ' ind2=' ' tag='500'><subfield code='a'>Description based upon print version of record.</subfield></datafield><datafield ind1=' ' ind2=' ' tag='546'><subfield code='a'>English</subfield></datafield><datafield ind1=' ' ind2=' ' tag='502'><subfield code='a'>Revised thesis (doctoral)--Monash University, Australia, 2005.</subfield></datafield><datafield ind1=' ' ind2=' ' tag='504'><subfield code='a'>Includes bibliographical references (p. 347-367) and index.</subfield></datafield><datafield ind1='0' ind2=' ' tag='505'><subfield code='a'>Background to the Problem of Evil -- Rowe&apos;s Evidential Arguments from Evil -- What No Eye Has Seen: The Epistemic Foundations of Wykstra&apos;s CORNEA Critique -- CORNEA Applied to Rowe&apos;s Evidential Argument -- Further Objections to Rowe&apos;s Noseeum Assumption -- In Support of the Inference from Inscrutable to Pointless Evil -- The Problem of Divine Hiddenness -- Meta-Theodicy: Adequacy Conditions for Theodicy -- Theodicy Proper, or Casting Light on the Ways of God: Horrendous Moral Evil -- Theodicies for Natural Evil -- The Compatibility of Gratuitous Evil with Theism -- Conclusion: Is Rowe&apos;s Evidential Argument Successful?.</subfield></datafield><datafield ind1=' ' ind2=' ' tag='520'><subfield code='a'>Why would a loving God who is all-powerful and all-knowing create a world like ours which is marred by all manner of evil, suffering and injustice? This question has come to be known as ‘the problem of evil’ and has troubled both ordinary folk and specialist philosophers and theologians for centuries, with no answer seemingly in sight. However, in a series of publications from the late 1970s onwards, Professor William Rowe – one of the leading philosophers of religion today – has put forward a powerful case in support of the view that the horrors littering our planet constitute strong evidence against the existence of God. In this book, the first extended study of Rowe’s defense of atheism on the basis of evil, Nick Trakakis comprehensively assesses the large body of literature that has developed in response to Rowe’s work, paying particular attention to two strategies employed by critics: firstly, the appeal to mystery – the idea that God may well have reasons for permitting evil that lie beyond our comprehension; and secondly, the appeal to theodicies, where this involves offering explanations as to why God allows evil to abound in his creation (free will theodicies, for example, argue that God could not prevent us from acting wrongly without at the same time curtailing or removing our free will). Trakakis unearths significant difficulties in both strategies, and concludes that – absent any evidence in support of theism – the God of theism must be judged to be &quot;beyond belief&quot;.</subfield></datafield><datafield ind1=' ' ind2='0' tag='650'><subfield code='a'>Good and evil</subfield><subfield code='x'>Religious aspects.</subfield></datafield><datafield ind1=' ' ind2='0' tag='650'><subfield code='a'>God</subfield><subfield code='x'>Attributes.</subfield></datafield><datafield ind1=' ' ind2='0' tag='650'><subfield code='a'>Theodicy.</subfield></datafield><datafield ind1=' ' ind2='4' tag='655'><subfield code='a'>Electronic books.</subfield></datafield><datafield ind1='1' ind2='0' tag='600'><subfield code='a'>Rowe, William L.,</subfield><subfield code='d'>1931-2015.</subfield></datafield><datafield ind1=' ' ind2=' ' tag='776'><subfield code='z'>1-4020-5144-1</subfield></datafield><datafield ind1=' ' ind2='0' tag='830'><subfield code='a'>Studies in Philosophy and Religion ;</subfield><subfield code='v'>27</subfield></datafield><datafield ind1=' ' ind2=' ' tag='906'><subfield code='a'>BOOK</subfield></datafield><datafield ind1=' ' ind2=' ' tag='ADM'><subfield code='b'>2018-02-22 13:24:44</subfield><subfield code='e'>991000000000283172</subfield><subfield code='d'>NON_SFX</subfield><subfield code='f'>20151204172620.0</subfield><subfield code='a'>2012-02-26 01:16:24</subfield><subfield code='c'>false</subfield></datafield><datafield ind1=' ' ind2=' ' tag='PRT'><subfield code='a'>53366146290003811</subfield><subfield code='b'>https://sandbox01-na.alma.exlibrisgroup.com/view/uresolver/01TULI_INST/openurl?u.ignore_date_coverage=true&amp;rft.mms_id=991036798116503811</subfield><subfield code='e'>Springer Link</subfield><subfield code='9'>Available</subfield><subfield code='c'>SpringerLink Books Complete</subfield><subfield code='h'>611000000000001381</subfield><subfield code='8'>53366146290003811</subfield></datafield></record>