
<record xmlns='http://www.loc.gov/MARC21/slim'><leader>05304cam a2200445 i 4500</leader><controlfield tag='005'>20180315201953.0</controlfield><controlfield tag='008'>120229s2012    nju      b    001 0 eng  </controlfield><controlfield tag='001'>991028633199703811</controlfield><datafield ind1=' ' ind2=' ' tag='010'><subfield code='a'>2012002029</subfield></datafield><datafield ind1=' ' ind2=' ' tag='020'><subfield code='a'>9781118161999 (pbk.)</subfield></datafield><datafield ind1=' ' ind2=' ' tag='020'><subfield code='a'>1118161998 (pbk.)</subfield></datafield><datafield ind1=' ' ind2=' ' tag='035'><subfield code='a'>(PPT)b5192531x-01tuli_inst</subfield></datafield><datafield ind1=' ' ind2=' ' tag='035'><subfield code='a'>(OCoLC)ocn795765497</subfield><subfield code='9'>ExL</subfield></datafield><datafield ind1=' ' ind2=' ' tag='035'><subfield code='a'>(OCoLC)749857608</subfield></datafield><datafield ind1=' ' ind2=' ' tag='035'><subfield code='a'>ocn749857608</subfield></datafield><datafield ind1=' ' ind2=' ' tag='035'><subfield code='a'>(OCLC)ocn749857608</subfield></datafield><datafield ind1=' ' ind2=' ' tag='040'><subfield code='a'>DLC</subfield><subfield code='e'>rda</subfield><subfield code='b'>eng</subfield><subfield code='c'>DLC</subfield><subfield code='d'>YDX</subfield><subfield code='d'>BTCTA</subfield><subfield code='d'>UKMGB</subfield><subfield code='d'>BDX</subfield><subfield code='d'>YDXCP</subfield><subfield code='d'>E7B</subfield><subfield code='d'>BWX</subfield><subfield code='d'>OCLCQ</subfield><subfield code='d'>MOF</subfield></datafield><datafield ind1=' ' ind2=' ' tag='042'><subfield code='a'>pcc</subfield></datafield><datafield ind1=' ' ind2=' ' tag='079'><subfield code='a'>ocn749857608</subfield></datafield><datafield ind1=' ' ind2=' ' tag='090'><subfield code='a'>PN1992.77.G35</subfield><subfield code='b'>G36 2012</subfield></datafield><datafield ind1='0' ind2='0' tag='245'><subfield code='a'>Game of thrones and philosophy :</subfield><subfield code='b'>logic cuts deeper than swords /</subfield><subfield code='c'>edited by Henry Jacoby.</subfield></datafield><datafield ind1=' ' ind2=' ' tag='260'><subfield code='a'>Hoboken :</subfield><subfield code='b'>John Wiley,</subfield><subfield code='c'>2012.</subfield></datafield><datafield ind1=' ' ind2=' ' tag='300'><subfield code='a'>xvii, 302 pages ;</subfield><subfield code='c'>23 cm</subfield></datafield><datafield ind1=' ' ind2=' ' tag='336'><subfield code='a'>text</subfield><subfield code='2'>rdacontent</subfield></datafield><datafield ind1=' ' ind2=' ' tag='337'><subfield code='a'>unmediated</subfield><subfield code='2'>rdamedia</subfield></datafield><datafield ind1=' ' ind2=' ' tag='338'><subfield code='a'>volume</subfield><subfield code='2'>rdacarrier</subfield></datafield><datafield ind1='1' ind2=' ' tag='490'><subfield code='a'>The Blackwell philosophy and pop culture series ;</subfield><subfield code='v'>51</subfield></datafield><datafield ind1=' ' ind2=' ' tag='500'><subfield code='a'>Machine generated contents note: ForewordAcknowledgments: How I was spared from having to take the BlackIntroduction: So What if Winter Is Coming?Part One. &quot;You Win or You Die&quot;1. Maester Hobbes Goes to King&apos;s Landing Greg Littmann2. It is a Great Crime to Lie to a King Don Fallis3. Playing the Game of Thrones: Some Lessons from Machiavelli Marcus Schulzke4. The War in Westeros and Just War Theory Richard H. CorriganPart Two. &quot;The Things I Do for Love&quot;5. Winter is Coming! The Bleak Quest for Happiness in Westeros Eric Silverman6. The Death of Lord Stark: The Perils of Idealism David Hahn7. Lord Eddard Stark, Queen Cersei Lannister: Moral Judgments from Different Perspectives Albert J. J. Angleberger and Alexander Hieke8. It Would Be a Mercy: Choosing Life or Death in Westeros and Beyond Matthew TedescoPart Three. &quot;Winter is Coming&quot;9. Wargs, Wights, and Wolves that are Dire: Mind and Metaphysics, Westeros Style Henry Jacoby10. Magic, Science, and Metaphysics in A Game of Thrones Edward Cox11. &quot;You know nothing, Jon Snow&quot;: Epistemic Humility Beyond the Wall Abraham P. Schwab12. &quot;Why is the world so full of injustice?&quot; Gods and the Problem of Evil Jaron Daniel SchoonePart Four. &quot;The Man Who Passes the Sentence Should Swing the Sword&quot;13. Why Should Joffrey Be Moral If He&apos;s Already Won the Game of Thrones? Daniel Haas14. The Moral Luck of Tyrion Lannister Christopher Robichaud15. Dany&apos;s Encounter with the Wild: Cultural Relativism in Games of Thrones Katherine Tullman16. &quot;There Are No True Knights&quot;: The Injustice o Chivalry Stacey GoguenPart Five. &quot;Stick Them with the Pointy End&quot;17. Fate, Freedom, and authenticity in A Game of Thrones Michael J. Sigrist18. No One Dances the Water Dance Henry Jacoby19. The Things I Do For Love: Sex, Lies, and Game Theory R. Shannon Duval20. Stop the Madness! Knowledge, Power, and Insanity in A Song of Ice and Fire Chad William TimmContributors: The Learned Lords and Ladies from Beyond the Seven KingdomsIndex .</subfield></datafield><datafield ind1=' ' ind2=' ' tag='504'><subfield code='a'>Includes bibliographical references and index.</subfield></datafield><datafield ind1=' ' ind2=' ' tag='520'><subfield code='a'>&quot;An in-depth look at the philosophical issues behind HBO&apos;s Game of Thrones television series and the books that inspired itGeorge R.R. Martin&apos;s New York Times bestselling epic fantasy book series, A Song of Ice and Fire, and the HBO television show adapted from it, have earned critical acclaim and inspired fanatic devotion. This book delves into the many philosophical questions that arise in this complex, character-driven series, including: Is it right for a &quot;good&quot; king to usurp the throne of a &quot;bad&quot; one and murder his family? How far should you go to protect your family and its secrets? In a fantasy universe with medieval mores and ethics, can female characters reflect modern feminist ideals? Timed for the premiere of the second season of the HBO Game of Thrones series Gives new perspectives on the characters, storylines, and themes of Game of Thrones Draws on great philosophers from ancient Greece to modern America to explore intriguing topics such as the strange creatures of Westeros, the incestuous relationship of Jaime and Cersei Lannister, and what the kings of Westeros can show us about virtue and honor (or the lack thereof) as they play their game of thrones Essential reading for fans, Game of Thrones and Philosophy will enrich your experience of your favorite medieval fantasy series&quot;--Provided by publisher.</subfield></datafield><datafield ind1=' ' ind2=' ' tag='520'><subfield code='a'>&quot;Timed for the premiere of the second season of the HBO Game of Thrones series Gives new perspectives on the characters, storylines, and themes of Game of Thrones Draws on great philosophers from ancient Greece to modern America to explore intriguing topics such as the strange creatures of Westeros, the incestuous relationship of Jaime and Cersei Lannister, and what the kings of Westeros can show us about virtue and honor (or the lack thereof) as they play their game of thrones&quot;--Provided by publisher.</subfield></datafield><datafield ind1='0' ind2='0' tag='630'><subfield code='a'>Game of thrones (Television program)</subfield></datafield><datafield ind1='1' ind2=' ' tag='700'><subfield code='a'>Jacoby, Henry Owen.</subfield></datafield><datafield ind1=' ' ind2='0' tag='830'><subfield code='a'>Blackwell philosophy and popculture series.</subfield></datafield><datafield ind1='4' ind2='2' tag='856'><subfield code='3'>Cover image</subfield><subfield code='u'>http://catalogimages.wiley.com/images/db/jimages/9781118161999.jpg</subfield></datafield><datafield ind1=' ' ind2=' ' tag='907'><subfield code='a'>.b5192531x</subfield><subfield code='b'>p    </subfield><subfield code='c'>-</subfield></datafield><datafield ind1=' ' ind2=' ' tag='945'><subfield code='l'>pstk </subfield><subfield code='g'>1</subfield></datafield><datafield ind1=' ' ind2=' ' tag='979'><subfield code='a'>ocn749857608</subfield></datafield><datafield ind1=' ' ind2=' ' tag='998'><subfield code='b'>1</subfield><subfield code='c'>120518</subfield><subfield code='d'>m</subfield><subfield code='e'>a</subfield><subfield code='f'>-</subfield><subfield code='g'>0</subfield></datafield><datafield ind1=' ' ind2=' ' tag='998'><subfield code='b'>1</subfield><subfield code='c'>120518</subfield><subfield code='d'>m</subfield><subfield code='e'>a</subfield><subfield code='f'>-</subfield><subfield code='g'>0</subfield></datafield><datafield ind1=' ' ind2=' ' tag='ADM'><subfield code='b'>2018-03-16 00:19:53</subfield><subfield code='e'>b5192531x-01tuli_inst</subfield><subfield code='d'>ILS</subfield><subfield code='a'>2017-06-20 11:54:45</subfield><subfield code='c'>false</subfield></datafield><datafield ind1='0' ind2=' ' tag='HLD'><subfield code='b'>MAIN</subfield><subfield code='c'>stacks</subfield><subfield code='h'>PN1992.77.G35</subfield><subfield code='i'>G36 2012</subfield><subfield code='8'>22314523490003811</subfield></datafield><datafield ind1=' ' ind2=' ' tag='ITM'><subfield code='r'>22314523490003811</subfield><subfield code='b'>1</subfield><subfield code='h'>0</subfield><subfield code='g'>stacks</subfield><subfield code='t'>BOOK</subfield><subfield code='9'>39074026438606</subfield><subfield code='e'>stacks</subfield><subfield code='8'>23314523480003811</subfield><subfield code='a'>0</subfield><subfield code='q'>2017-06-20 11:54:45</subfield><subfield code='i'>PN1992.77.G35 G36 2012</subfield><subfield code='d'>MAIN</subfield><subfield code='f'>MAIN</subfield></datafield></record>