
<record xmlns='http://www.loc.gov/MARC21/slim'><leader>07520nam a22005055i 4500</leader><controlfield tag='001'>991036901670303811</controlfield><controlfield tag='005'>20171030135735.0</controlfield><controlfield tag='007'>cr nn 008mamaa</controlfield><controlfield tag='008'>170622s2017    gw |    o    |||| 0|eng d</controlfield><datafield ind1=' ' ind2=' ' tag='020'><subfield code='a'>3-319-55505-7</subfield></datafield><datafield ind1='7' ind2=' ' tag='024'><subfield code='a'>10.1007/978-3-319-55505-8</subfield><subfield code='2'>doi</subfield></datafield><datafield ind1=' ' ind2=' ' tag='035'><subfield code='a'>(CKB)3710000001411588</subfield></datafield><datafield ind1=' ' ind2=' ' tag='035'><subfield code='a'>(DE-He213)978-3-319-55505-8</subfield></datafield><datafield ind1=' ' ind2=' ' tag='035'><subfield code='a'>(EXLCZ)993710000001411588</subfield></datafield><datafield ind1=' ' ind2='4' tag='050'><subfield code='a'>LC8-6691</subfield></datafield><datafield ind1=' ' ind2='7' tag='072'><subfield code='a'>JNU</subfield><subfield code='2'>bicssc</subfield></datafield><datafield ind1=' ' ind2='7' tag='072'><subfield code='a'>PD</subfield><subfield code='2'>bicssc</subfield></datafield><datafield ind1=' ' ind2='7' tag='072'><subfield code='a'>SCI063000</subfield><subfield code='2'>bisacsh</subfield></datafield><datafield ind1='0' ind2='4' tag='082'><subfield code='a'>507.1</subfield><subfield code='2'>23</subfield></datafield><datafield ind1='1' ind2='0' tag='245'><subfield code='a'>Science and Technology Education Promoting Wellbeing for Individuals, Societies and Environments</subfield><subfield code='h'>[electronic resource] :</subfield><subfield code='b'>STEPWISE /</subfield><subfield code='c'>edited by Larry Bencze.</subfield></datafield><datafield ind1=' ' ind2='1' tag='264'><subfield code='a'>Cham :</subfield><subfield code='b'>Springer International Publishing :</subfield><subfield code='b'>Imprint: Springer,</subfield><subfield code='c'>2017.</subfield></datafield><datafield ind1=' ' ind2=' ' tag='300'><subfield code='a'>1 online resource (XII, 689 p. 145 illus.) </subfield></datafield><datafield ind1=' ' ind2=' ' tag='336'><subfield code='a'>text</subfield><subfield code='b'>txt</subfield><subfield code='2'>rdacontent</subfield></datafield><datafield ind1=' ' ind2=' ' tag='337'><subfield code='a'>computer</subfield><subfield code='b'>c</subfield><subfield code='2'>rdamedia</subfield></datafield><datafield ind1=' ' ind2=' ' tag='338'><subfield code='a'>online resource</subfield><subfield code='b'>cr</subfield><subfield code='2'>rdacarrier</subfield></datafield><datafield ind1=' ' ind2=' ' tag='347'><subfield code='a'>text file</subfield><subfield code='b'>PDF</subfield><subfield code='2'>rda</subfield></datafield><datafield ind1='1' ind2=' ' tag='490'><subfield code='a'>Cultural Studies of Science Education,</subfield><subfield code='x'>1879-7229 ;</subfield><subfield code='v'>14</subfield></datafield><datafield ind1='0' ind2=' ' tag='505'><subfield code='a'>Part I. PREAMBLE -- 1 FOREWORD: The Significance of STEPWISE for Fostering Life-long Sociopolitical Activism, Derek Hodson -- 2 INTRODUCTION: STEPWISE — A Framework Prioritizing Altruistic Actions to Address Socioscientific Issues, Larry Bencze -- Part II. DOCUMENTARIES -- 3 School Science Ruling Relations and Resistance to Activism in Early Secondary School Science, Darren Hoeg, Tanya Williamson &amp; Larry Bencze -- 4 Activating Students’ Conceptions and Positions on STSE Issues in Preparation for Socio-political Activism, Varsha Patel -- 5 Both Sides Now: Exploring the Art of Persuasion to Enhance Actions Within a STEPWISE Framework, Angeliki Grundy -- 6 Learning about Youth Engagement in Research-informed and Negotiated Actions on Socio-scientific Issues, Mirjan Krstovic -- 7 Students’ Social Studies Influences on Their Socioscientific Actions, Larry Bencze and Mirjan Krstovic -- 8 Epistemic Contributions to Students’ Autonomous Socioscientific Actions, Larry Bencze and Mirjan Krstovic -- 9 Students’ Uses of Actor Network Theory to Contextualize Socioscientific Actions, Larry Bencze and Mirjan Krstovic -- 10 Science Students’ Ethical Technology Designs as Solutions to Socio-scientific Problems, Larry Bencze and Mirjan Krstovic -- 11 Resisting the Borg: Science Teaching for Common Wellbeing, Larry Bencze and Mirjan Krstovic -- 12 Giving Meaning to STSE Issues Through Student-Led Action Research: An Actor-Network Theory Account of STEPWISE in Action, Neil T. Ramjewan, Brandon Zoras and Larry Bencze -- 13 Students’ Socioscientific Actions: Using And Gaining ‘Street Smarts’, Christina Phillips-MacNeil, Mirjan Krstovic and Larry Bencze -- 14 Tensions on Promoting Social Justice Through STEPWISE Pedagogies in an International Baccalaureate Preparatory Class, Neil T. Ramjewan, Brandon Zoras and Larry Bencze -- 15 ‘In The Eye of The Hurricane’: Using STEPWISE to Address Urgent Socio-Political Issues in Venezuela, Majd Zouda, Tomo Nishizawa and Larry Bencze -- 16 Science for Citizenship: Using Prezi™ for Education about Critical Socio-scientific Issues, Darren Hoeg, Alexander DiGiacomo, Sarah El Halwany, Mirjan Kirstovic, Christina Philips-McNeil, Minja Milanovic, Tomo Nishizawa, Majd Zouda and Larry Bencze -- 17 Battle of the Bands: Toxic Dust, Active Citizenship and Science Education, Larry Bencze and Chantal Pouliot -- 18 Supporting Pre-service Teachers to Teach for Citizenship in the Context of STSE Issues, Sarah El Halwany, Majd Zouda, Chantal Pouliot and Larry Bencze -- 19 Teaching Girls to Fish?: A Case of Co-curricular Food Justice Education Program for Youth, Erin Sperling and Larry Bencze -- Part III. COMMENTARIES -- 20 Actor Network Theory and STEPWISE: A Case Study on Learning About Food Justice with Plants, Clayton Pierce -- 21 Rebuilding Community Spaces: Integrating Resilience into STEPWISE, Cassie Quigley -- 22 Socio-scientific Issue-based Learning: Taking Off From STEPWISE, Ralph Levinson and The PARRISE Consortium -- 23 “Preach or teach?”: An Ongoing Journey to Becoming STEPWISE, Mellita Jones -- 24 “I had to take action straight away.” Preservice Teachers’ Accounts of Pro-environmental Action, Lyn Carter and Jenny Martin -- 25 Science Education for a Better World? Reflections on Embodiment, Language and Sensitive Action, Laura Colucci-Gray -- 26 WISE Preservice Teachers Discussing Social and Economic Disparities During a Discussion Game Dealing with Nanotechnologies, Audrey Groleau and Chantal Pouliot -- 27 STEPWISE as a Vehicle for Scientific and Political Educ-action? Laurence Simonneaux and Jean Simonneaux -- 28 Understanding Opportunities and Contradictions in the Grammars of Activism and Schooling, Matthew Weinstein -- 29 In Which Ways Can (Science) Education Promote the Well-being of Individuals, Societies and Environments? Isabel Martins -- 30 ‘STEPPING’ Toward a Critical-activist Science Education: Dialoguing Subjectivity, Social Ontology and Multiplicities, Jessie Bazzul and Shakhnoza Kayumova -- 31 Countering the Neoliberal Ontology of Nature: The STEPWISE Option, Ajay Sharma -- 32 STEPWISE: A Societal-historical Activity (Activism) Theoretical Perspective, Wolff-Michael Roth -- Part IV. AFTERWORD -- 33 Critical and Activist Science Education: Envisaging an Ecojust Future, Larry Bencze -- AUTHOR BIOGRAPHIES -- INDEX.</subfield></datafield><datafield ind1=' ' ind2=' ' tag='520'><subfield code='a'>This edited volume provides theoretical and practical resources relating to the ‘STEPWISE’ curricular and instructional framework. ‘STEPWISE’ is the acronym for Science &amp; Technology Education Promoting Wellbeing for Individuals, Societies &amp; Environments. It is a framework for organizing teaching and learning domains in ways that prioritize personal and social actions to address ‘critical socioscientific issues’ — that is, controversial decisions by powerful individuals/groups about science and technology (and related fields) that may adversely affect individuals, societies and/or environments. The book contains chapters written by and/or with teachers who have used STEPWISE to guide their instructional practices, as well as chapters written by education scholars who have used a range of theoretical lenses to analyze and evaluate STEPWISE — and, in several cases, described ways in which it relates to (or could relate to) their practices and/or ways in which the framework might logically be amended. Overall, this book offers educators, policy makers and others with resources useful for arranging science and technology education in ways that may assist societies in addressing significant potential personal, social and/or environmental problems — such as dramatic climate change, preventable human diseases, species losses, and social injustices — associated with fields of science and technology.</subfield></datafield><datafield ind1=' ' ind2='0' tag='650'><subfield code='a'>Education.</subfield></datafield><datafield ind1=' ' ind2='0' tag='650'><subfield code='a'>Science education.</subfield></datafield><datafield ind1=' ' ind2='0' tag='650'><subfield code='a'>Educational sociology.</subfield></datafield><datafield ind1=' ' ind2='0' tag='650'><subfield code='a'>Teaching.</subfield></datafield><datafield ind1=' ' ind2='0' tag='650'><subfield code='a'>Education and sociology.</subfield></datafield><datafield ind1=' ' ind2='0' tag='650'><subfield code='a'>Sociology, Educational.</subfield></datafield><datafield ind1='1' ind2='4' tag='650'><subfield code='a'>Education.</subfield></datafield><datafield ind1='2' ind2='4' tag='650'><subfield code='a'>Science Education.</subfield></datafield><datafield ind1='2' ind2='4' tag='650'><subfield code='a'>Sociology of Education.</subfield></datafield><datafield ind1='2' ind2='4' tag='650'><subfield code='a'>Teaching and Teacher Education.</subfield></datafield><datafield ind1=' ' ind2=' ' tag='776'><subfield code='z'>3-319-55503-0</subfield></datafield><datafield ind1='1' ind2=' ' tag='700'><subfield code='a'>Bencze, Larry.</subfield><subfield code='e'>editor.</subfield></datafield><datafield ind1=' ' ind2='0' tag='830'><subfield code='a'>Cultural Studies of Science Education,</subfield><subfield code='x'>1879-7229 ;</subfield><subfield code='v'>14</subfield></datafield><datafield ind1=' ' ind2=' ' tag='906'><subfield code='a'>BOOK</subfield></datafield><datafield ind1=' ' ind2=' ' tag='PRT'><subfield code='a'>53425903690003811</subfield><subfield code='b'>https://sandbox01-na.alma.exlibrisgroup.com/view/uresolver/01TULI_INST/openurl?u.ignore_date_coverage=true&amp;rft.mms_id=991036901670303811</subfield><subfield code='e'>Springer Link</subfield><subfield code='c'>SpringerLINK eBooks - English/International Collection (2017)</subfield><subfield code='h'>613810000000000404</subfield><subfield code='8'>53425903690003811</subfield></datafield></record>
</collection>
